%% This BibTeX bibliography file was created using BibDesk.
%% https://bibdesk.sourceforge.io/

%% Created for JT at 2019-10-04 11:58:40 +0100 


%% Saved with string encoding Unicode (UTF-8) 



@article{Kaminsky2015,
	Author = {Yury G. Kaminsky and Lyudmila A. Tikhonova and Elena A. Kosenko},
	Date-Added = {2019-10-04 11:57:30 +0100},
	Date-Modified = {2019-10-04 11:58:33 +0100},
	Journal = {Frontiers in Bioscience},
	Pages = {173-197},
	Title = {Critical analysis of Alzheimer's amyloid-beta toxicity to mitochondria},
	Volume = {20},
	Year = {2015}}

@article{andrieu2015,
	Author = {Andrieu, Sandrine and Coley, Nicola and Lovestone, Simon and Aisen, Paul S and Vellas, Bruno},
	Date-Added = {2019-10-03 18:59:18 +0100},
	Date-Modified = {2019-10-03 18:59:38 +0100},
	Doi = {10.1016/s1474-4422(15)00153-2},
	Issn = {1474-4422},
	Journal = {The Lancet Neurology},
	Number = {9},
	Pages = {926--944},
	Publisher = {Elsevier BV},
	Title = {Prevention of sporadic Alzheimer's disease: lessons learned from clinical trials and future directions},
	Volume = {14},
	Year = {2015},
	Bdsk-Url-1 = {http://dx.doi.org/10.1016/S1474-4422(15)00153-2},
	Bdsk-Url-2 = {http://dx.doi.org/10.1016/s1474-4422(15)00153-2}}

@article{pankiv2007,
	Author = {Serhiy Pankiv and Terje H{\o}yvarde Clausen and Trond Lamark and Andreas Brech and Jack-Ansgar Bruun and Heidi Outzen and Aud {\O}vervatn and Geir Bj{\o}rk{\o}y and Terje Johansen},
	Date-Added = {2019-10-03 16:01:23 +0100},
	Date-Modified = {2019-10-03 16:03:56 +0100},
	Doi = {10.1074/jbc.M702824200},
	Journal = {Journal of Biological Chemistry},
	Pages = {24131-24145},
	Title = {p62/SQSTM1 Binds Directly to Atg8/LC3 to Facilitate Degradation of Ubiquitinated Protein Aggregates by Autophagy},
	Volume = {282},
	Year = {2007},
	Bdsk-Url-1 = {https://doi.org/10.1074/jbc.M702824200}}

@article{sahani2014,
	Author = {Mayurbhai Himatbhai Sahani and Eisuke Itakura and Noboru Mizushima},
	Date-Added = {2019-10-03 15:59:42 +0100},
	Date-Modified = {2019-10-03 15:59:56 +0100},
	Doi = {10.4161/auto.27344},
	Journal = {Autophagy},
	Note = {PMID: 24394643},
	Number = {3},
	Pages = {431-441},
	Publisher = {Taylor & Francis},
	Title = {Expression of the autophagy substrate SQSTM1/p62 is restored during prolonged starvation depending on transcriptional upregulation and autophagy-derived amino acids},
	Volume = {10},
	Year = {2014},
	Bdsk-Url-1 = {https://doi.org/10.4161/auto.27344}}

@article{kabeya2000,
	Author = {Kabeya, Yukiko and Mizushima, Noboru and Ueno, Takashi and Yamamoto, Akitsugu and Kirisako, Takayoshi and Noda, Takeshi and Kominami, Eiki and Ohsumi, Yoshinori and Yoshimori, Tamotsu},
	Date-Added = {2019-10-03 15:58:06 +0100},
	Date-Modified = {2019-10-03 16:07:00 +0100},
	Doi = {https://doi.org/10.1093/emboj/19.21.5720},
	Journal = {The EMBO Journal},
	Keywords = {APG, autophagosomes, autophagy, mammalian homologue, protein cleavage},
	Number = {21},
	Pages = {5720-5728},
	Title = {LC3, a mammalian homologue of yeast Apg8p, is localized in autophagosome membranes after processing},
	Volume = {19},
	Year = {2000},
	Bdsk-Url-1 = {https://www.embopress.org/doi/abs/10.1093/emboj/19.21.5720},
	Bdsk-Url-2 = {https://doi.org/10.1093/emboj/19.21.5720}}

@article{yoshii2017,
	Author = {Saori R. Yoshii and Noboru Mizushima},
	Date-Added = {2019-10-03 14:07:49 +0100},
	Date-Modified = {2019-10-03 16:01:49 +0100},
	Journal = {International Journal of Molecular Sciences},
	Number = {9},
	Pages = {1865},
	Title = {Monitoring and measuring autophagy},
	Volume = {18},
	Year = {2017},
	Bdsk-Url-1 = {https://doi.org/10.3390/ijms18091865}}

@article{lumkwana2017,
	Author = {Dumisile Lumkwana and Andre du Toit and Craig Kinnear and Ben Loos},
	Date-Added = {2019-10-03 13:38:19 +0100},
	Date-Modified = {2019-10-03 18:00:29 +0100},
	Doi = {10.1016/j.pneurobio.2017.03.006},
	Issn = {0301-0082},
	Journal = {Progress in Neurobiology},
	Keywords = {Neurodegeneration, Autophagy, Autophagic flux, Autophagy defects, Alzheimer's disease, Huntington's disease, Parkison's disease, Autophagic flux modulation, Autophagic flux assessment, Autophagosomes, Lysosomes, Autophagolysosomes},
	Pages = {64 - 85},
	Title = {Autophagic flux control in neurodegeneration: Progress and precision targeting---Where do we stand?},
	Volume = {153},
	Year = {2017},
	Bdsk-Url-1 = {http://www.sciencedirect.com/science/article/pii/S0301008216300697},
	Bdsk-Url-2 = {https://doi.org/10.1016/j.pneurobio.2017.03.006}}

@article{sarkar2013,
	Author = {Sovan Sarkar},
	Date-Added = {2019-10-03 13:31:52 +0100},
	Date-Modified = {2019-10-03 15:58:15 +0100},
	Journal = {Biochemical Society Transactions},
	Number = {5},
	Pages = {1103-1130},
	Title = {Regulation of autophagy by mTOR-dependent and mTOR-independent pathways: autophagy dysfunction in neurodegenerative diseases and therapeutic application of autophagy enhancers},
	Volume = {41},
	Year = {2013},
	Bdsk-Url-1 = {https://doi.org/10.1042/BST20130134}}

@article{klionsky2016,
	Author = {Daniel J Klionsky and Kotb Abdelmohsen and Akihisa Abe and Md Joynal Abedin and Hagai Abeliovich and Abraham Acevedo Arozena and Hiroaki Adachi and Christopher M Adams and Peter D Adams and Khosrow Adeli and Peter J Adhihetty and Sharon G Adler and Galila Agam and Rajesh Agarwal and Manish K Aghi and Maria Agnello and Patrizia Agostinis and Patricia V Aguilar and Julio Aguirre-Ghiso and Edoardo M Airoldi and Slimane Ait-Si-Ali and Takahiko Akematsu and Emmanuel T Akporiaye and Mohamed Al-Rubeai and Guillermo M Albaiceta and Chris Albanese and Diego Albani and Matthew L Albert and Jesus Aldudo and Hana Alg{\"u}l and Mehrdad Alirezaei and Iraide Alloza and Alexandru Almasan and Maylin Almonte-Beceril and Emad S Alnemri and Covadonga Alonso and Nihal Altan-Bonnet and Dario C Altieri and Silvia Alvarez and Lydia Alvarez-Erviti and Sandro Alves and Giuseppina Amadoro and Atsuo Amano and Consuelo Amantini and Santiago Ambrosio and Ivano Amelio and Amal O Amer and Mohamed Amessou and Angelika Amon and Zhenyi An and Frank A Anania and Stig U Andersen and Usha P Andley and Catherine K Andreadi and Nathalie Andrieu-Abadie and Alberto Anel and David K Ann and Shailendra Anoopkumar-Dukie and Manuela Antonioli and Hiroshi Aoki and Nadezda Apostolova and Saveria Aquila and Katia Aquilano and Koichi Araki and Eli Arama and Agustin Aranda and Jun Araya and Alexandre Arcaro and Esperanza Arias and Hirokazu Arimoto and Aileen R Ariosa and Jane L Armstrong and Thierry Arnould and Ivica Arsov and Katsuhiko Asanuma and Valerie Askanas and Eric Asselin and Ryuichiro Atarashi and Sally S Atherton and Julie D Atkin and Laura D Attardi and Patrick Auberger and Georg Auburger and Laure Aurelian and Riccardo Autelli and Laura Avagliano and Maria Laura Avantaggiati and Limor Avrahami and Suresh Awale and Neelam Azad and Tiziana Bachetti and Jonathan M Backer and Dong-Hun Bae and Jae-sung Bae and Ok-Nam Bae and Soo Han Bae and Eric H Baehrecke and Seung-Hoon Baek and Stephen Baghdiguian and Agnieszka Bagniewska-Zadworna and Hua Bai and Jie Bai and Xue-Yuan Bai and Yannick Bailly and Kithiganahalli Narayanaswamy Balaji and Walter Balduini and Andrea Ballabio and Rena Balzan and Rajkumar Banerjee and G{\'a}bor B{\'a}nhegyi and Haijun Bao and Benoit Barbeau and Maria D Barrachina and Esther Barreiro and Bonnie Bartel and Alberto Bartolom{\'e} and Diane C Bassham and Maria Teresa Bassi and Robert C Bast Jr and Alakananda Basu and Maria Teresa Batista and Henri Batoko and Maurizio Battino and Kyle Bauckman and Bradley L Baumgarner and K Ulrich Bayer and Rupert Beale and Jean-Fran{\c c}ois Beaulieu and George R. Beck Jr and Christoph Becker and J David Beckham and Pierre-Andr{\'e} B{\'e}dard and Patrick J Bednarski and Thomas J Begley and Christian Behl and Christian Behrends and Georg MN Behrens and Kevin E Behrns and Eloy Bejarano and Amine Belaid and Francesca Belleudi and Giovanni B{\'e}nard and Guy Berchem and Daniele Bergamaschi and Matteo Bergami and Ben Berkhout and Laura Berliocchi and Am{\'e}lie Bernard and Monique Bernard and Francesca Bernassola and Anne Bertolotti and Amanda S Bess and S{\'e}bastien Besteiro and Saverio Bettuzzi and Savita Bhalla and Shalmoli Bhattacharyya and Sujit K Bhutia and Caroline Biagosch and Michele Wolfe Bianchi and Martine Biard-Piechaczyk and Viktor Billes and Claudia Bincoletto and Baris Bingol and Sara W Bird and Marc Bitoun and Ivana Bjedov and Craig Blackstone and Lionel Blanc and Guillermo A Blanco and Heidi Kiil Blomhoff and Emilio Boada-Romero and Stefan B{\"o}ckler and Marianne Boes and Kathleen Boesze-Battaglia and Lawrence H Boise and Alessandra Bolino and Andrea Boman and Paolo Bonaldo and Matteo Bordi and J{\"u}rgen Bosch and Luis M Botana and Joelle Botti and German Bou and Marina Bouch{\'e} and Marion Bouchecareilh and Marie-Jos{\'e}e Boucher and Michael E Boulton and Sebastien G Bouret and Patricia Boya and Micha{\"e}l Boyer-Guittaut and Peter V Bozhkov and Nathan Brady and Vania MM Braga and Claudio Brancolini and Gerhard H Braus and Jos{\'e} M Bravo-San Pedro and Lisa A Brennan and Emery H Bresnick and Patrick Brest and Dave Bridges and Marie-Agn{\`e}s Bringer and Marisa Brini and Glauber C Brito and Bertha Brodin and Paul S Brookes and Eric J Brown and Karen Brown and Hal E Broxmeyer and Alain Bruhat and Patricia Chakur Brum and John H Brumell and Nicola Brunetti-Pierri and Robert J Bryson-Richardson and Shilpa Buch and Alastair M Buchan and Hikmet Budak and Dmitry V Bulavin and Scott J Bultman and Geert Bultynck and Vladimir Bumbasirevic and Yan Burelle and Robert E Burke and Margit Burmeister and Peter B{\"u}tikofer and Laura Caberlotto and Ken Cadwell and Monika Cahova and Dongsheng Cai and Jingjing Cai and Qian Cai and Sara Calatayud and Nadine Camougrand and Michelangelo Campanella and Grant R Campbell and Matthew Campbell and Silvia Campello and Robin Candau and Isabella Caniggia and Lavinia Cantoni and Lizhi Cao and Allan B Caplan and Michele Caraglia and Claudio Cardinali and Sandra Morais Cardoso and Jennifer S Carew and Laura A Carleton and Cathleen R Carlin and Silvia Carloni and Sven R Carlsson and Didac Carmona-Gutierrez and Leticia AM Carneiro and Oliana Carnevali and Serena Carra and Alice Carrier and Bernadette Carroll and Caty Casas and Josefina Casas and Giuliana Cassinelli and Perrine Castets and Susana Castro-Obregon and Gabriella Cavallini and Isabella Ceccherini and Francesco Cecconi and Arthur I Cederbaum and Valent{\'\i}n Ce{\~n}a and Simone Cenci and Claudia Cerella and Davide Cervia and Silvia Cetrullo and Hassan Chaachouay and Han-Jung Chae and Andrei S Chagin and Chee-Yin Chai and Gopal Chakrabarti and Georgios Chamilos and Edmond YW Chan and Matthew TV Chan and Dhyan Chandra and Pallavi Chandra and Chih-Peng Chang and Raymond Chuen-Chung Chang and Ta Yuan Chang and John C Chatham and Saurabh Chatterjee and Santosh Chauhan and Yongsheng Che and Michael E Cheetham and Rajkumar Cheluvappa and Chun-Jung Chen and Gang Chen and Guang-Chao Chen and Guoqiang Chen and Hongzhuan Chen and Jeff W Chen and Jian-Kang Chen and Min Chen and Mingzhou Chen and Peiwen Chen and Qi Chen and Quan Chen and Shang-Der Chen and Si Chen and Steve S-L Chen and Wei Chen and Wei-Jung Chen and Wen Qiang Chen and Wenli Chen and Xiangmei Chen and Yau-Hung Chen and Ye-Guang Chen and Yin Chen and Yingyu Chen and Yongshun Chen and Yu-Jen Chen and Yue-Qin Chen and Yujie Chen and Zhen Chen and Zhong Chen and Alan Cheng and Christopher HK Cheng and Hua Cheng and Heesun Cheong and Sara Cherry and Jason Chesney and Chun Hei Antonio Cheung and Eric Chevet and Hsiang Cheng Chi and Sung-Gil Chi and Fulvio Chiacchiera and Hui-Ling Chiang and Roberto Chiarelli and Mario Chiariello and Marcello Chieppa and Lih-Shen Chin and Mario Chiong and Gigi NC Chiu and Dong-Hyung Cho and Ssang-Goo Cho and William C Cho and Yong-Yeon Cho and Young-Seok Cho and Augustine MK Choi and Eui-Ju Choi and Eun-Kyoung Choi and Jayoung Choi and Mary E Choi and Seung-Il Choi and Tsui-Fen Chou and Salem Chouaib and Divaker Choubey and Vinay Choubey and Kuan-Chih Chow and Kamal Chowdhury and Charleen T Chu and Tsung-Hsien Chuang and Taehoon Chun and Hyewon Chung and Taijoon Chung and Yuen-Li Chung et al.},
	Date-Added = {2019-10-03 13:26:01 +0100},
	Date-Modified = {2019-10-03 15:58:15 +0100},
	Journal = {Autophagy},
	Note = {PMID: 26799652},
	Number = {1},
	Pages = {1-222},
	Publisher = {Taylor & Francis},
	Title = {Guidelines for the use and interpretation of assays for monitoring autophagy (3rd edition)},
	Volume = {12},
	Year = {2016},
	Bdsk-Url-1 = {https://doi.org/10.1080/15548627.2015.1100356}}

@article{loos2014,
	Author = {Ben Loos and Andr{\'e} du Toit and Jan-Hendrik S Hofmeyr},
	Date-Added = {2019-10-03 13:06:32 +0100},
	Date-Modified = {2019-10-03 15:58:15 +0100},
	Journal = {Autophagy},
	Note = {PMID: 25484088},
	Number = {11},
	Pages = {2087-2096},
	Publisher = {Taylor & Francis},
	Title = {Defining and measuring autophagosome flux---concept and reality},
	Volume = {10},
	Year = {2014},
	Bdsk-Url-1 = {https://doi.org/10.4161/15548627.2014.973338}}

@article{dekosky1990,
	Author = {DeKosky, Steven T. and Scheff, Stephen W.},
	Doi = {10.1002/ana.410270502},
	Issn = {0364-5134},
	Journal = {Annals of Neurology},
	Number = {5},
	Pages = {457--464},
	Pmid = {2360787},
	Title = {{Synapse loss in frontal cortex biopsies in Alzheimer's disease: Correlation with cognitive severity}},
	Volume = {27},
	Year = {1990},
	Bdsk-Url-1 = {https://doi.org/10.1002/ana.410270502}}

@article{scheff2006,
	Author = {Scheff, Stephen W and Price, Douglas A and Schmitt, Frederick A and Mufson, Elliott J},
	Doi = {10.1016/j.neurobiolaging.2005.09.012},
	Issn = {1558-1497},
	Journal = {Neurobiology of aging},
	Number = {10},
	Pages = {1372--84},
	Pmid = {16289476},
	Publisher = {Elsevier},
	Title = {{Hippocampal synaptic loss in early Alzheimer's disease and mild cognitive impairment.}},
	Volume = {27},
	Year = {2006},
	Bdsk-Url-1 = {https://doi.org/10.1016/j.neurobiolaging.2005.09.012}}

@article{zare-shahabadi2015,
	Author = {Zare-Shahabadi, Ameneh and Masliah, Eliezer and Johnson, Gail V W and Rezaei, Nima},
	Doi = {10.1515/revneuro-2014-0076},
	Issn = {0334-1763},
	Journal = {Reviews in the neurosciences},
	Keywords = {Alzheimer's disease,Autophagy,Degradative pathway,Lysosome defects},
	Number = {4},
	Pages = {385--95},
	Pmid = {25870960},
	Title = {{Autophagy in Alzheimer's disease.}},
	Volume = {26},
	Year = {2015},
	Bdsk-Url-1 = {https://doi.org/10.1515/revneuro-2014-0076}}

@misc{prince2013,
	Archiveprefix = {arXiv},
	Arxivid = {NIHMS150003},
	Author = {Prince, Martin and Bryce, Renata and Albanese, Emiliano and Wimo, Anders and Ribeiro, Wagner and Ferri, Cleusa P},
	Booktitle = {Alzheimer's and Dementia},
	Doi = {10.1016/j.jalz.2012.11.007},
	Eprint = {NIHMS150003},
	Isbn = {1552-5279 (Electronic)$\backslash$r1552-5260 (Linking)},
	Issn = {15525260},
	Keywords = {Dementia,Epidemiology,Metaanalysis,Prevalence,Projection,Systematic review,WHO Global Burden of Disease regions,Worldwide},
	Number = {1},
	Pages = {63--75},
	Pmid = {23305823},
	Publisher = {Elsevier},
	Title = {{The global prevalence of dementia: A systematic review and metaanalysis}},
	Url = {http://www.ncbi.nlm.nih.gov/pubmed/23305823},
	Volume = {9},
	Year = {2013},
	Bdsk-Url-1 = {http://www.ncbi.nlm.nih.gov/pubmed/23305823},
	Bdsk-Url-2 = {https://doi.org/10.1016/j.jalz.2012.11.007}}

@article{anand2014,
	Author = {Anand, R. and Gill, Kiran Dip and Mahdi, Abbas Ali},
	Doi = {10.1016/J.NEUROPHARM.2013.07.004},
	Issn = {0028-3908},
	Journal = {Neuropharmacology},
	Pages = {27--50},
	Publisher = {Pergamon},
	Title = {{Therapeutics of Alzheimer's disease: Past, present and future}},
	Volume = {76},
	Year = {2014},
	Bdsk-Url-1 = {https://doi.org/10.1016/J.NEUROPHARM.2013.07.004}}

@article{disanto2013,
	Author = {{Di Santo}, Simona Gabriella and Prinelli, Federica and Adorni, Fulvio and Caltagirone, Carlo and Musicco, Massimo},
	Doi = {10.3233/JAD-122140},
	File = {:Users/Dumi/Library/Application Support/Mendeley Desktop/Downloaded/Di Santo et al. - 2013 - A Meta-Analysis of the Efficacy of Donepezil, Rivastigmine, Galantamine, and Memantine in Relation to Severity.pdf:pdf},
	Issn = {18758908},
	Journal = {Journal of Alzheimer's Disease},
	Number = {2},
	Pages = {349--361},
	Publisher = {IOS Press},
	Title = {{A Meta-Analysis of the Efficacy of Donepezil, Rivastigmine, Galantamine, and Memantine in Relation to Severity of Alzheimer's Disease}},
	Volume = {35},
	Year = {2013},
	Bdsk-Url-1 = {https://doi.org/10.3233/JAD-122140}}

@article{pimenova2018,
	Author = {Pimenova, Anna A and Raj, Towfique and Goate, Alison M},
	Doi = {10.1016/j.biopsych.2017.05.014},
	Issn = {1873-2402},
	Journal = {Biological psychiatry},
	Keywords = {Alzheimer's disease,Endolysosomal pathway,Functional genomics,Genome-wide association studies,Immune response,Lipid metabolism},
	Number = {4},
	Pages = {300--310},
	Pmid = {28666525},
	Publisher = {Elsevier},
	Title = {{Untangling Genetic Risk for Alzheimer's Disease.}},
	Volume = {83},
	Year = {2018},
	Bdsk-Url-1 = {https://doi.org/10.1016/j.biopsych.2017.05.014}}

@article{qiu2009,
	Author = {Qiu, Chengxuan and Kivipelto, Miia and von Strauss, Eva},
	Issn = {1294-8322},
	Journal = {Dialogues in clinical neuroscience},
	Number = {2},
	Pages = {111--28},
	Pmid = {19585947},
	Publisher = {Les Laboratoires Servier},
	Title = {{Epidemiology of Alzheimer's disease: occurrence, determinants, and strategies toward intervention.}},
	Volume = {11},
	Year = {2009}}

@article{AlzheimersAssociation2014,
	Author = {{Alzheimer's Association}},
	Doi = {10.1016/j.jalz.2014.02.001},
	Isbn = {1552-5279 (Electronic)$\backslash$r1552-5260 (Linking)},
	Issn = {15525260},
	Journal = {Alzheimer's {\&} Dementia},
	Keywords = {Alzheimer's facts,Alzheimer's statistics,alzheimer's and united states,alzheimer's report,dementia facts,dementia statistics,women and alzheimer's},
	Number = {2},
	Pages = {1--80},
	Pmid = {24818261},
	Title = {{2014 Alzheimer's Disease Facts and Figures}},
	Volume = {10},
	Year = {2014},
	Bdsk-Url-1 = {https://doi.org/10.1016/j.jalz.2014.02.001}}

@article{Ferri2005,
	Author = {Ferri, Cleusa P and Prince, Martin and Brayne, Carol and Brodaty, Henry and Fratiglioni, Laura and Ganguli, Mary and Hall, Kathleen and Hasegawa, Kazuo and Hendrie, Hugh and Huang, Yueqin and Jorm, Anthony and Mathers, Colin and Menezes, Paulo R and Rimmer, Elizabeth and Scazufca, Marcia},
	Doi = {10.1016/S0140-6736(05)67889-0},
	Issn = {01406736},
	Journal = {The Lancet},
	Number = {9503},
	Pages = {2112--2117},
	Pmid = {16360788},
	Publisher = {Elsevier},
	Title = {{Global prevalence of dementia: a Delphi consensus study}},
	Volume = {366},
	Year = {2005},
	Bdsk-Url-1 = {https://doi.org/10.1016/S0140-6736(05)67889-0}}

@article{Annear2015,
	Author = {Annear, Michael J and Toye, Christine and McInerney, Frances and Eccleston, Claire and Tranter, Bruce and Elliott, Kate-Ellen and Robinson, Andrew},
	Doi = {10.1186/s12877-015-0008-1},
	Isbn = {1471-2318 (Electronic)$\backslash$r1471-2318 (Linking)},
	Issn = {1471-2318},
	Journal = {BMC geriatrics},
	Keywords = {Consensus,Delphi study,Dementia,Knowledge,Quality of life},
	Number = {1},
	Pages = {5},
	Pmid = {25656075},
	Publisher = {BioMed Central},
	Title = {{What should we know about dementia in the 21st century? A Delphi consensus study.}},
	Volume = {15},
	Year = {2015},
	Bdsk-Url-1 = {https://doi.org/10.1186/s12877-015-0008-1}}

@article{Paddick2013,
	Author = {Paddick, Stella-Maria and Longdon, Anna R and Kisoli, Aloyce and Dotchin, Catherine and Gray, William K and Dewhurst, Felicity and Chaote, Paul and Kalaria, Raj and Jusabani, Ahmed M and Walker, Richard},
	Doi = {10.3402/gha.v6i0.19646},
	Journal = {Global Health Action},
	Pages = {1--7},
	Title = {{Comparison of Two Diagnostic Criteria}},
	Volume = {1},
	Year = {2013},
	Bdsk-Url-1 = {https://doi.org/10.3402/gha.v6i0.19646}}

@article{Kalula2010,
	Author = {Sebastiana Zimba Kalula and Monica Ferreira and Kevin G F Thomas and Linda de Villiers and John A Joska and Leon N Geffen},
	Journal = {South African Medical Journal},
	Number = {7},
	Title = {{Clinical diagnoses}},
	Volume = {100},
	Year = {2010}}
	
@article{Dorszewska2016,
	Author = {Dorszewska, Jolanta and Prendecki, Michal and Oczkowska, Anna and Dezor, Mateusz and Kozubski, Wojciech},
	Doi = {10.2174/1567205013666160314150501},
	Isbn = {1567205013666},
	Issn = {15672050},
	Journal = {Current Alzheimer Research},
	Number = {9},
	Pages = {952--963},
	Pmid = {26971934},
	Title = {{Molecular Basis of Familial and Sporadic Alzheimer's Disease}},
	Volume = {13},
	Year = {2016},
	Bdsk-Url-1 = {https://doi.org/10.2174/1567205013666160314150501}}

@article{Musiek2015,
	Archiveprefix = {arXiv},
	Arxivid = {15334406},
	Author = {Musiek, Erik S and Holtzman, David M},
	Doi = {10.1038/nn.4018},
	Isbn = {1546-1726 (Electronic) 1097-6256 (Linking)},
	Issn = {1097-6256},
	Journal = {Nat Neurosci},
	Keywords = {Alzheimer Disease,A$\beta$,amyloid hypothesis,neurodegeneration,tau},
	Number = {6},
	Pages = {800--806},
	Pmid = {26007213},
	Title = {{Three dimensions of the amyloid hypothesis: time, space and 'wingmen'}},
	Volume = {18},
	Year = {2015},
	Bdsk-Url-1 = {https://doi.org/10.1038/nn.4018}}

@article{Reitz2014,
	Archiveprefix = {arXiv},
	Arxivid = {NIHMS150003},
	Author = {Reitz, Christiane and Mayeux, Richard},
	Doi = {10.1016/j.bcp.2013.12.024},
	Eprint = {NIHMS150003},
	Isbn = {1873-2968 (Electronic)$\backslash$r0006-2952 (Linking)},
	Issn = {1873-2968},
	Journal = {Biochemical pharmacology},
	Keywords = {Biomarkers,Neurofibrillary tangles,Neuropathological},
	Number = {4},
	Pages = {640--51},
	Pmid = {24398425},
	Title = {{Alzheimer disease: epidemiology, diagnostic criteria, risk factors and biomarkers.}},
	Volume = {88},
	Year = {2014},
	Bdsk-Url-1 = {https://doi.org/10.1016/j.bcp.2013.12.024}}

@article{Swerdlow2007,
	Author = {Swerdlow, Russell H},
	Issn = {1176-9092},
	Journal = {Clinical interventions in aging},
	Number = {3},
	Pages = {347--59},
	Pmid = {18044185},
	Publisher = {Dove Press},
	Title = {{Pathogenesis of Alzheimer's disease.}},
	Volume = {2},
	Year = {2007}}

@misc{Caldwell2015,
	Author = {Caldwell, Charles C and Yao, Jia and Brinton, Roberta Diaz},
	Booktitle = {Neurotherapeutics},
	Doi = {10.1007/s13311-014-0324-8},
	Isbn = {1878-7479 (Electronic)$\backslash$r1878-7479 (Linking)},
	Issn = {18787479},
	Keywords = {Alzheimer's disease (AD) mitochondria,bioenergetics,neurodegeneration,prodromal,therapeutics},
	Number = {1},
	Pages = {66--80},
	Pmid = {25534394},
	Publisher = {Springer},
	Title = {{Targeting the Prodromal Stage of Alzheimer's Disease: Bioenergetic and Mitochondrial Opportunities}},
	Volume = {12},
	Year = {2015},
	Bdsk-Url-1 = {https://doi.org/10.1007/s13311-014-0324-8}}

@article{Caselli2013,
	Author = {Caselli, Richard J and Reiman, Eric M},
	Doi = {10.3233/JAD-2012-129026},
	Issn = {1875-8908},
	Journal = {Journal of Alzheimer's disease : JAD},
	Number = {0 1},
	Pages = {S405--16},
	Pmid = {22695623},
	Publisher = {NIH Public Access},
	Title = {{Characterizing the preclinical stages of Alzheimer's disease and the prospect of presymptomatic intervention.}},
	Volume = {33 Suppl 1},
	Year = {2013},
	Bdsk-Url-1 = {https://doi.org/10.3233/JAD-2012-129026}}

@article{Penn1993,
	Author = {Penn, R D and Mangieri, E A and Liang, Yuying and Ryan, Natalie S. and Kinnunen, Kirsi M. and Yeatman, Thomas and Malone, Ian B. and Benzinger, Tammie L.S. and Jack, Clifford R. and Thompson, Paul M. and Ghetti, Bernardino F. and Saykin, Andrew J. and Masters, Colin L. and Ringman, John M. and Salloway, Stephen P. and Schofield, Peter R. and Sperling, Reisa A. and Cairns, Nigel J. and Marcus, Daniel S. and Xiong, Chengjie and Bateman, Randall J. and Morris, John C. and Rossor, Martin N. and Ourselin, S{\'{e}}bastien and Fox, Nick C.},
	Doi = {10.1212/wnl.0b013e3182a841c6},
	Issn = {0028-3878},
	Journal = {Neurology},
	Number = {11},
	Pages = {2412},
	Pmid = {8232971},
	Publisher = {Wolters Kluwer Health, Inc. on behalf of the American Academy of Neurology},
	Title = {{Stiff-man syndrome treated with intrathecal baclofen.}},
	Volume = {43},
	Year = {1993},
	Bdsk-Url-1 = {https://doi.org/10.1212/wnl.0b013e3182a841c6}}

@misc{Mattson2008,
	Author = {Mattson, Mark P. and Gleichmann, Marc and Cheng, Aiwu},
	Booktitle = {Neuron},
	Doi = {10.1016/j.neuron.2008.10.010},
	Issn = {08966273},
	Number = {5},
	Pages = {748--766},
	Title = {{Mitochondria in Neuroplasticity and Neurological Disorders}},
	Volume = {60},
	Year = {2008},
	Bdsk-Url-1 = {https://doi.org/10.1016/j.neuron.2008.10.010}}

@article{Kurz2011,
	Author = {Kurz, Alexander and Perneczky, Robert},
	Doi = {10.1016/j.pnpbp.2010.07.018},
	Isbn = {0278-5846},
	Issn = {02785846},
	Journal = {Progress in Neuro-Psychopharmacology and Biological Psychiatry},
	Keywords = {Alzheimer's disease,Amyloid cascade,Immunisation,Kinase inhibitor,Nicotinic receptor,Secretase inhibitor},
	Number = {2},
	Pages = {373--379},
	Pmid = {20655969},
	Publisher = {Elsevier},
	Title = {{Novel insights for the treatment of Alzheimer's disease}},
	Volume = {35},
	Year = {2011},
	Bdsk-Url-1 = {https://doi.org/10.1016/j.pnpbp.2010.07.018}}

@misc{Hardy2009,
	Author = {Hardy, John},
	Booktitle = {Journal of Neurochemistry},
	Doi = {10.1111/j.1471-4159.2009.06181.x},
	Isbn = {1471-4159 (Electronic)$\backslash$r0022-3042 (Linking)},
	Issn = {00223042},
	Keywords = {Alzheimer's disease,Amyloid,Congophilic angiopathy,Dementia,Pathogenesis,Tau},
	Number = {4},
	Pages = {1129--1134},
	Pmid = {19457065},
	Publisher = {Wiley/Blackwell (10.1111)},
	Title = {{The amyloid hypothesis for Alzheimer's disease: A critical reappraisal}},
	Volume = {110},
	Year = {2009},
	Bdsk-Url-1 = {https://doi.org/10.1111/j.1471-4159.2009.06181.x}}

@article{Hardy1992,
	Author = {Hardy, John A and Higgins, Gerald A},
	Journal = {Science},
	Number = {5054},
	Title = {{Alzheimer's Disease: The Amyloid Cascade Hypothesis}},
	Volume = {256},
	Year = {1992}}
	
@article{Ravikumar2010,
	Author = {Ravikumar, Brinda and Moreau, Kevin and Jahreiss, Luca and Puri, Claudia and Rubinsztein, David C.},
	Doi = {10.1038/ncb2078},
	Issn = {1465-7392},
	Journal = {Nature Cell Biology},
	Number = {8},
	Pages = {747--757},
	Pmid = {20639872},
	Title = {{Plasma membrane contributes to the formation of pre-autophagosomal structures}},
	Url = {http://www.ncbi.nlm.nih.gov/pubmed/20639872 http://www.pubmedcentral.nih.gov/articlerender.fcgi?artid=PMC2923063 http://www.nature.com/articles/ncb2078},
	Volume = {12},
	Year = {2010},
	Bdsk-Url-2 = {https://doi.org/10.1038/ncb2078}}
	
@article{Ravikumar2010b,
author = {Ravikumar, Brinda and Sarkar, Sovan and Davies, Janet E. and Futter, Marie and Garcia-Arencibia, Moises and Green-Thompson, Zeyn W. and Jimenez-Sanchez, Maria and Korolchuk, Viktor I. and Lichtenberg, Maike and Luo, Shouqing and Massey, Dunecan C. O. and Menzies, Fiona M. and Moreau, Kevin and Narayanan, Usha and Renna, Maurizio and Siddiqi, Farah H. and Underwood, Benjamin R. and Winslow, Ashley R. and Rubinsztein, David C.},
doi = {10.1152/physrev.00030.2009},
issn = {0031-9333},
journal = {Physiological Reviews},
number = {4},
pages = {1383--1435},
publisher = { American Physiological Society Bethesda, MD},
title = {{Regulation of Mammalian Autophagy in Physiology and Pathophysiology}},
volume = {90},
year = {2010}
}

@article{Rubinsztein2005,
	Author = {Rubinsztein, David C. and DiFiglia, Marian and Heintz, Nathaniel and Nixon, Ralph A. and Qin, Zheng Hong and Ravikumar, Brinda and Stefanis, Leonidas and Tolkovsky, Aviva},
	Doi = {10.4161/auto.1.1.1513},
	Isbn = {1554-8627 (Print)$\backslash$r1554-8627 (Linking)},
	Issn = {15548627},
	Journal = {Autophagy},
	Number = {1},
	Pages = {11--22},
	Pmid = {16874045},
	Title = {{Autophagy and its possible roles in nervous system diseases, damage and repair.}},
	Volume = {1},
	Year = {2005},
	Bdsk-Url-1 = {https://doi.org/10.4161/auto.1.1.1513}}

@article{Nixon2011,
	Author = {Nixon, Ralph a. and Yang, Dun Sheng},
	Doi = {10.1016/j.nbd.2011.01.021},
	Isbn = {1095-953X (Electronic)$\backslash$r0969-9961 (Linking)},
	Issn = {09699961},
	Journal = {Neurobiology of Disease},
	Keywords = {Alzheimer's disease,Autolysosome,Autophagy,Dystrophic neurite,Lysosomal storage disorders,Lysosome,Mouse model,Presenilin 1,Proteolysis},
	Number = {1},
	Pages = {38--45},
	Pmid = {21296668},
	Publisher = {Elsevier Inc.},
	Title = {{Autophagy failure in Alzheimer's disease-locating the primary defect}},
	Volume = {43},
	Year = {2011},
	Bdsk-Url-2 = {https://doi.org/10.1016/j.nbd.2011.01.021}}

@article{Perez2015,
	Author = {Perez, Sylvia E and He, Bin and Nadeem, Muhammad and Wuu, Joanne and Ginsberg, Stephen D and Ikonomovic, Milos D and Mufson, Elliott J},
	Doi = {10.1097/NEN.0000000000000179},
	Issn = {1554-6578},
	Journal = {Journal of neuropathology and experimental neurology},
	Number = {4},
	Pages = {345--58},
	Pmid = {25756588},
	Publisher = {NIH Public Access},
	Title = {{Hippocampal endosomal, lysosomal, and autophagic dysregulation in mild cognitive impairment: correlation with a$\beta$ and tau pathology.}},
	Volume = {74},
	Year = {2015},
	Bdsk-Url-1 = {http://www.ncbi.nlm.nih.gov/pubmed/25756588%20http://www.pubmedcentral.nih.gov/articlerender.fcgi?artid=PMC4366294},
	Bdsk-Url-2 = {https://doi.org/10.1097/NEN.0000000000000179}}

@article{Caberlotto2014,
	Author = {Caberlotto, Laura and Nguyen, Thanh-Phuong},
	Doi = {10.1186/1752-0509-8-65},
	Issn = {1752-0509},
	Journal = {BMC Systems Biology},
	Number = {1},
	Pages = {65},
	Publisher = {BioMed Central},
	Title = {{A systems biology investigation of neurodegenerative dementia reveals a pivotal role of autophagy}},
	Volume = {8},
	Year = {2014},
	Bdsk-Url-2 = {https://doi.org/10.1186/1752-0509-8-65}}

@article{Berger2006,
	Author = {Berger, Zdenek and Ravikumar, Brinda and Menzies, Fiona M and Oroz, Lourdes Garcia and Underwood, Benjamin R and Pangalos, Menelas N and Schmitt, Ina and Wullner, Ullrich and Evert, Bernd O and O'Kane, Cahir J and Rubinsztein, David C},
	Doi = {10.1093/hmg/ddi458},
	Isbn = {0964-6906 (Print)},
	Issn = {09646906},
	Journal = {Human Molecular Genetics},
	Number = {3},
	Pages = {433--442},
	Pmid = {16368705},
	Title = {{Rapamycin alleviates toxicity of different aggregate-prone proteins}},
	Volume = {15},
	Year = {2006},
	Bdsk-Url-1 = {https://doi.org/10.1093/hmg/ddi458}}

@article{Hebron2013,
	Author = {Hebron, Michaeline L and Lonskaya, Irina and Moussa, Charbel E-H},
	Doi = {10.1093/hmg/ddt192},
	Issn = {1460-2083},
	Journal = {Human molecular genetics},
	Number = {16},
	Pages = {3315--28},
	Pmid = {23666528},
	Title = {{Nilotinib reverses loss of dopamine neurons and improves motor behavior via autophagic degradation of $\alpha$-synuclein in Parkinson's disease models.}},
	Volume = {22},
	Year = {2013},
	Bdsk-Url-2 = {https://doi.org/10.1093/hmg/ddt192}}

@article{Ravikumar2003,
	Author = {Ravikumar, Brinda and Sarkar, Sovan and Berger, Zdenek and Rubinsztein, David C.},
	Doi = {10.1016/S1566-2772(03)00056-2},
	Issn = {15662772},
	Journal = {Clinical Neuroscience Research},
	Keywords = {Autophagy,Huntington's disease,Lysosome,Oculopharyngeal muscular dystrophy,Polyglutamine disease,Proteasome,Ubiquitin},
	Number = {3},
	Pages = {141--148},
	Title = {{The roles of the ubiquitin-proteasome and autophagy-lysosome pathways in Huntington's disease and related conditions}},
	Volume = {3},
	Year = {2003},
	Bdsk-Url-1 = {https://doi.org/10.1016/S1566-2772(03)00056-2}}

@article{Ravikumar2002,
	Author = {Ravikumar, Brinda and Duden, Rainer and Rubinsztein, David C},
	Doi = {10.1093/hmg/11.9.1107},
	File = {:Users/Dumi/Library/Application Support/Mendeley Desktop/Downloaded/Ravikumar, Duden, Rubinsztein - 2002 - Aggregate-prone proteins with polyglutamine and polyalanine expansions are degraded by autophagy.pdf:pdf},
	Isbn = {0964-6906},
	Issn = {0964-6906},
	Journal = {Human molecular genetics},
	Number = {9},
	Pages = {1107--1117},
	Pmid = {11978769},
	Title = {{Aggregate-prone proteins with polyglutamine and polyalanine expansions are degraded by autophagy.}},
	Volume = {11},
	Year = {2002},
	Bdsk-Url-1 = {https://doi.org/10.1093/hmg/11.9.1107}}

@article{Ravikumar2004,
	Author = {Ravikumar, Brinda and Vacher, Coralie and Berger, Zdenek and Davies, Janet E and Luo, Shouqing and Oroz, Lourdes G and Scaravilli, Francesco and Easton, Douglas F and Duden, Rainer and O'Kane, Cahir J and Rubinsztein, David C},
	Doi = {10.1038/ng1362},
	Issn = {1061-4036},
	Journal = {Nature genetics},
	Number = {6},
	Pages = {585--95},
	Pmid = {15146184},
	Title = {{Inhibition of mTOR induces autophagy and reduces toxicity of polyglutamine expansions in fly and mouse models of Huntington disease.}},
	Volume = {36},
	Year = {2004},
	Bdsk-Url-1 = {http://www.ncbi.nlm.nih.gov/pubmed/15146184},
	Bdsk-Url-2 = {https://doi.org/10.1038/ng1362}}

@article{Rose2010,
	Author = {Rose, Claudia and Menzies, Fiona M. and Renna, Maurizio and Acevedo-Arozena, Abraham and Corrochano, Silvia and Sadiq, Oana and Brown, Steve D. and Rubinsztein, David C.},
	Doi = {10.1093/hmg/ddq093},
	Isbn = {1460-2083 (Electronic)$\backslash$n0964-6906 (Linking)},
	Issn = {09646906},
	Journal = {Human Molecular Genetics},
	Number = {11},
	Pages = {2144--2153},
	Pmid = {20190273},
	Title = {{Rilmenidine attenuates toxicity of polyglutamine expansions in a mouse model of Huntington's disease}},
	Volume = {19},
	Year = {2010},
	Bdsk-Url-1 = {https://doi.org/10.1093/hmg/ddq093}}

@article{Alirezaei2010,
	Author = {Alirezaei, Mehrdad and Kemball, Christopher C. and Flynn, Claudia T. and Wood, Malcolm R. and Whitton, J. Lindsay and Kiosses, William B.},
	Doi = {10.4161/auto.6.6.12376},
	File = {:Users/Dumi/Library/Application Support/Mendeley Desktop/Downloaded/Alirezaei et al. - 2010 - Short-term fasting induces profound neuronal autophagy.pdf:pdf},
	Isbn = {1554-8635 (Electronic)$\backslash$n1554-8627 (Linking)},
	Issn = {15548627},
	Journal = {Autophagy},
	Keywords = {Autophagy,CNS,Confocal microscopy,Cortex,Cortical neurons,Electron microscopy,Fasting,Neuroprotection,Purkinje cells,Starvation},
	Number = {6},
	Pages = {702--710},
	Pmid = {20534972},
	Title = {{Short-term fasting induces profound neuronal autophagy}},
	Volume = {6},
	Year = {2010},
	Bdsk-Url-1 = {https://doi.org/10.4161/auto.6.6.12376}}

@article{Kuma2004,
	Author = {Kuma, Akiko and Hatano, Masahiko and Matsui, Makoto and Yamamoto, Akitsugu and Nakaya, Haruaki and Yoshimori, Tamotsu and Ohsumi, Yoshinori and Tokuhisa, Takeshi and Mizushima, Noboru},
	Doi = {10.1038/nature03029},
	File = {:Users/Dumi/Library/Application Support/Mendeley Desktop/Downloaded/Kuma et al. - 2004 - The role of autophagy during the early neonatal starvation period.pdf:pdf},
	Isbn = {1476-4687 (Electronic)$\backslash$n0028-0836 (Linking)},
	Issn = {0028-0836},
	Journal = {Nature},
	Number = {7020},
	Pages = {1032--1036},
	Pmid = {15525940},
	Title = {{The role of autophagy during the early neonatal starvation period.}},
	Volume = {432},
	Year = {2004},
	Bdsk-Url-1 = {https://doi.org/10.1038/nature03029}}

@article{Mizushima2004a,
	Author = {Mizushima, Noboru and Yamamoto, Akitsugu and Matsui, Makoto and Yoshimori, Tamotsu and Ohsumi, Yoshinori},
	Doi = {10.1091/mbc.E03-09-0704},
	File = {:Users/Dumi/Library/Application Support/Mendeley Desktop/Downloaded/Mizushima et al. - 2004 - In vivo analysis of autophagy in response to nutrient starvation using transgenic mice expressing a fluorescen.pdf:pdf},
	Issn = {1059-1524},
	Journal = {Molecular biology of the cell},
	Number = {3},
	Pages = {1101--11},
	Pmid = {14699058},
	Title = {{In vivo analysis of autophagy in response to nutrient starvation using transgenic mice expressing a fluorescent autophagosome marker.}},
	Volume = {15},
	Year = {2004},
	Bdsk-Url-1 = {https://doi.org/10.1091/mbc.E03-09-0704}}

@article{Scott2004,
	Author = {Scott, Ryan C. and Schuldiner, Oren and Neufeld, Thomas P.},
	Doi = {10.1016/j.devcel.2004.07.009},
	Issn = {15345807},
	Journal = {Developmental Cell},
	Number = {2},
	Pages = {167--178},
	Pmid = {15296714},
	Title = {{Role and Regulation of Starvation-Induced Autophagy in the Drosophila Fat Body}},
	Volume = {7},
	Year = {2004},
	Bdsk-Url-1 = {http://www.ncbi.nlm.nih.gov/pubmed/15296714},
	Bdsk-Url-2 = {https://doi.org/10.1016/j.devcel.2004.07.009}}

@misc{Belanger2011,
	Author = {B{\'{e}}langer, Mireille and Allaman, Igor and Magistretti, Pierre J.},
	Booktitle = {Cell Metabolism},
	Doi = {10.1016/j.cmet.2011.08.016},
	Issn = {15504131},
	Number = {6},
	Pages = {724--738},
	Title = {{Brain energy metabolism: Focus on Astrocyte-neuron metabolic cooperation}},
	Volume = {14},
	Year = {2011},
	Bdsk-Url-1 = {https://doi.org/10.1016/j.cmet.2011.08.016}}

@misc{Schonfeld2013,
	Author = {Sch{\"{o}}nfeld, Peter and Reiser, Georg},
	Booktitle = {Journal of Cerebral Blood Flow and Metabolism},
	Doi = {10.1038/jcbfm.2013.128},
	Issn = {0271678X},
	Keywords = {ATP generation,fatty acid,mitochondria,neural cells,oxidative stress},
	Number = {10},
	Pages = {1493--1499},
	Title = {{Why does brain metabolism not favor burning of fatty acids to provide energy-Reflections on disadvantages of the use of free fatty acids as fuel for brain}},
	Volume = {33},
	Year = {2013},
	Bdsk-Url-1 = {https://doi.org/10.1038/jcbfm.2013.128}}

@misc{Dienel2012,
	Author = {Dienel, Gerald A.},
	Booktitle = {Journal of Cerebral Blood Flow and Metabolism},
	Doi = {10.1038/jcbfm.2011.175},
	Issn = {0271678X},
	Keywords = {Astrocyte,brain activation,glucose,lactate shuttling,metabolism,neuron},
	Number = {7},
	Pages = {1107--1138},
	Title = {{Brain lactate metabolism: The discoveries and the controversies}},
	Volume = {32},
	Year = {2012},
	Bdsk-Url-1 = {https://doi.org/10.1038/jcbfm.2011.175}}

@misc{Pellerin2012,
	Author = {Pellerin, Luc and Magistretti, Pierre J.},
	Booktitle = {Journal of Cerebral Blood Flow and Metabolism},
	Doi = {10.1038/jcbfm.2011.149},
	Number = {7},
	Pages = {1152--1166},
	Title = {{Sweet sixteen for ANLS}},
	Volume = {32},
	Year = {2012},
	Bdsk-Url-1 = {https://doi.org/10.1038/jcbfm.2011.149}}

@inproceedings{Zielke2009,
	Author = {Zielke, H. Ronald and Zielke, Carol L. and Baab, Peter J.},
	Booktitle = {Journal of Neurochemistry},
	Doi = {10.1111/j.1471-4159.2009.05941.x},
	Issn = {00223042},
	Keywords = {Compartmentation,Energy metabolism,Fluorocitrate,Microdialysis,Oxidation},
	Pages = {24--29},
	Title = {{Direct measurement of oxidative metabolism in the living brain by microdialysis: A review}},
	Volume = {109},
	Year = {2009},
	Bdsk-Url-1 = {https://doi.org/10.1111/j.1471-4159.2009.05941.x}}

@article{Herrero-Mendez2009,
	Author = {Herrero-Mendez, Angel and Almeida, Angeles and Fern{\'{a}}ndez, Emilio and Maestre, Carolina and Moncada, Salvador and Bola{\~{n}}os, Juan P.},
	Doi = {10.1038/ncb1881},
	Issn = {14657392},
	Journal = {Nature Cell Biology},
	Number = {6},
	Pages = {747--752},
	Title = {{The bioenergetic and antioxidant status of neurons is controlled by continuous degradation of a key glycolytic enzyme by APC/C-Cdh1}},
	Volume = {11},
	Year = {2009},
	Bdsk-Url-1 = {https://doi.org/10.1038/ncb1881}}

@article{Buttgereit1995,
	Author = {Buttgereit, F and Brand, M D},
	Issn = {0264-6021},
	Journal = {The Biochemical journal},
	Pages = {163--7},
	Pmid = {7492307},
	Publisher = {Portland Press Ltd},
	Title = {{A hierarchy of ATP-consuming processes in mammalian cells.}},
	Year = {1995},}

@misc{Cenini2019,
	Author = {Cenini, Giovanna and Lloret, Ana and Cascella, Roberta},
	Booktitle = {Oxidative medicine and cellular longevity},
	Doi = {10.1155/2019/2105607},
	Issn = {19420994},
	Pages = {2105607},
	Publisher = {NLM (Medline)},
	Title = {{Oxidative Stress in Neurodegenerative Diseases: From a Mitochondrial Point of View}},
	Volume = {2019},
	Year = {2019},
	Bdsk-Url-1 = {https://doi.org/10.1155/2019/2105607}}

@article{Boumezbeur2010,
	Author = {Boumezbeur, Fawzi and Petersen, Kitt F. and Cline, Gary W. and Mason, Graeme F. and Behar, Kevin L. and Shulman, Gerald I. and Rothman, Douglas L.},
	Doi = {10.1523/JNEUROSCI.2040-10.2010},
	Issn = {02706474},
	Journal = {Journal of Neuroscience},
	Number = {42},
	Pages = {13983--13991},
	Title = {{The contribution of blood lactate to brain energy metabolism in humans measured by dynamic 13C nuclear magnetic resonance spectroscopy}},
	Volume = {30},
	Year = {2010},
	Bdsk-Url-1 = {https://doi.org/10.1523/JNEUROSCI.2040-10.2010}}

@article{Bouzier2000,
	Author = {Bouzier, Anne-Karine and Thiaudiere, Eric and Biran, Marc and Rouland, Richard and Canioni, Paul and Merle, Michel},
	Doi = {10.1046/j.1471-4159.2000.0750480.x},
	Issn = {0022-3042},
	Journal = {Journal of Neurochemistry},
	Number = {2},
	Pages = {480--486},
	Pmid = {10899922},
	Title = {{The Metabolism of [3-13C]Lactate in the Rat Brain Is Specific of a Pyruvate Carboxylase-Deprived Compartment}},
	Volume = {75},
	Year = {2000},
	Bdsk-Url-2 = {https://doi.org/10.1046/j.1471-4159.2000.0750480.x}}

@inproceedings{Serres2005,
	Author = {Serres, S{\'{e}}bastien and Bezancon, Eric and Franconi, Jean Michel and Merle, Michel},
	Booktitle = {Journal of Neuroscience Research},
	Doi = {10.1002/jnr.20277},
	File = {:Users/Dumi/Library/Application Support/Mendeley Desktop/Downloaded/Serres et al. - 2005 - Ex vivo NMR study of lactate metabolism in rat brain under various depressed states.pdf:pdf},
	Issn = {03604012},
	Keywords = {Astrocyte-neuron lactate shuttle,Brain metabolism,Glucose,Lactate,NMR},
	Pages = {19--25},
	Title = {{Ex vivo NMR study of lactate metabolism in rat brain under various depressed states}},
	Volume = {79},
	Year = {2005},
	Bdsk-Url-1 = {https://doi.org/10.1002/jnr.20277}}

@article{Bouzier-Sore2006,
	Author = {Bouzier-Sore, Anne Karine and Voisin, Pierre and Bouchaud, V{\'{e}}ronique and Bezancon, Eric and Franconi, Jean Michel and Pellerin, Luc},
	Doi = {10.1111/j.1460-9568.2006.05056.x},
	File = {:Users/Dumi/Library/Application Support/Mendeley Desktop/Downloaded/Bouzier-Sore et al. - 2006 - Competition between glucose and lactate as oxidative energy substrates in both neurons and astrocytes A com.pdf:pdf},
	Issn = {0953816X},
	Journal = {European Journal of Neuroscience},
	Keywords = {Brain,Energy metabolism,Glutamate,Monocarboxylate,NMR spectroscopy,Rat},
	Number = {6},
	Pages = {1687--1694},
	Title = {{Competition between glucose and lactate as oxidative energy substrates in both neurons and astrocytes: A comparative NMR study}},
	Volume = {24},
	Year = {2006},
	Bdsk-Url-1 = {https://doi.org/10.1111/j.1460-9568.2006.05056.x}}

@article{Itoh2003,
	Author = {Itoh, Yoshiaki and Esaki, Takanori and Shimoji, Kazuaki and Cook, Michelle and Law, Mona J. and Kaufman, Elaine and Sokoloff, Louis},
	Doi = {10.1073/pnas.0831078100},
	Issn = {00278424},
	Journal = {Proceedings of the National Academy of Sciences of the United States of America},
	Number = {8},
	Pages = {4879--4884},
	Title = {{Dichloroacetate effects on glucose and lactate oxidation by neurons and astroglia in vitro and on glucose utilization by brain in vivo}},
	Volume = {100},
	Year = {2003},
	Bdsk-Url-1 = {https://doi.org/10.1073/pnas.0831078100}}

@article{Almeida2004,
	Author = {Almeida, Angeles and Moncada, Salvador and Bola{\~{n}}os, Juan P},
	Doi = {10.1038/ncb1080},
	Issn = {14657392},
	Journal = {Nature Cell Biology},
	Number = {1},
	Pages = {45--51},
	Pmid = {14688792},
	Title = {{Nitric oxide switches on glycolysis through the AMP protein kinase and 6-phosphofructo-2-kinase pathway}},
	Volume = {6},
	Year = {2004},
	Bdsk-Url-1 = {https://doi.org/10.1038/ncb1080}}

@article{Ben-Yoseph1996,
	Author = {Ben-Yoseph, Oded and Boxer, Peter A. and Ross, Brian D.},
	Doi = {10.1046/j.1471-4159.1996.66062329.x},
	Journal = {Journal of Neurochemistry},
	Number = {6},
	Pages = {2329--2337},
	Publisher = {Wiley-Blackwell},
	Title = {{Assessment of the Role of the Glutathione and Pentose Phosphate Pathways in the Protection of Primary Cerebrocortical Cultures from Oxidative Stress}},
	Volume = {66},
	Year = {1996},
	Bdsk-Url-1 = {https://doi.org/10.1046/j.1471-4159.1996.66062329.x}}

@article{Garcia-Nogales2003,
	Author = {Garc{\'{i}}a-Nogales, Paula and Almeida, Angeles and Bola{\~{n}}os, Juan P.},
	Doi = {10.1074/jbc.M206835200},
	Issn = {00219258},
	Journal = {Journal of Biological Chemistry},
	Number = {2},
	Pages = {864--874},
	Title = {{Peroxynitrite protects neurons against nitric oxide-mediated apoptosis: A key role for glucose-6-phosphate dehydrogenase activity in neuroprotection}},
	Volume = {278},
	Year = {2003},
	Bdsk-Url-1 = {https://doi.org/10.1074/jbc.M206835200}}

@article{Kim2015a,
	Author = {Kim, Geon Ha and Kim, Jieun E and Rhie, Sandy Jeong and Yoon, Sujung},
	Doi = {10.5607/en.2015.24.4.325},
	Issn = {1226-2560},
	Journal = {Experimental neurobiology},
	Keywords = {Alzheimer's disease,Antioxidant,Neurodegenerative disease,Oxidative stress,Parkinson's disease,Reactive oxygen species},
	Number = {4},
	Pages = {325--40},
	Pmid = {26713080},
	Publisher = {Korean Society for Brain and Neural Science},
	Title = {{The Role of Oxidative Stress in Neurodegenerative Diseases.}},
	Volume = {24},
	Year = {2015},
	Bdsk-Url-2 = {https://doi.org/10.5607/en.2015.24.4.325}}

@article{Bolisetty2013,
	Author = {Bolisetty, Subhashini and Jaimes, Edgar},
	Doi = {10.3390/ijms14036306},
	Issn = {1422-0067},
	Journal = {International Journal of Molecular Sciences},
	Number = {3},
	Pages = {6306--6344},
	Pmid = {23528859},
	Title = {{Mitochondria and Reactive Oxygen Species: Physiology and Pathophysiology}},
	Volume = {14},
	Year = {2013},
	Bdsk-Url-1 = {https://doi.org/10.3390/ijms14036306}}

@misc{Petrella2013,
	Author = {Petrella, Jeffrey R.},
	Booktitle = {Radiology},
	Doi = {10.1148/radiol.13122503},
	Issn = {00338419},
	Number = {3},
	Pages = {671--691},
	Title = {{Neuroimaging and the search for a cure for Alzheimer disease}},
	Volume = {269},
	Year = {2013},
	Bdsk-Url-1 = {https://doi.org/10.1148/radiol.13122503}}

@misc{Dasuri2013,
	Author = {Dasuri, Kalavathi and Zhang, Le and Keller, Jeffrey N.},
	Booktitle = {Free Radical Biology and Medicine},
	Doi = {10.1016/j.freeradbiomed.2012.09.016},
	Isbn = {1873-4596 (Electronic)$\backslash$r0891-5849 (Linking)},
	Issn = {18734596},
	Keywords = {Antioxidant,Autophagy,Free radical,Lysosome,Proteasome,Protein synthesis,Proteolysis,Reactive oxygen species},
	Pages = {170--185},
	Pmid = {23000246},
	Title = {{Oxidative stress, neurodegeneration, and the balance of protein degradation and protein synthesis}},
	Volume = {62},
	Year = {2013},
	Bdsk-Url-2 = {https://doi.org/10.1016/j.freeradbiomed.2012.09.016}}

@article{Gandhi2012,
	Author = {Gandhi, Sonia and Abramov, Andrey Y.},
	Booktitle = {Oxidative Medicine and Cellular Longevity},
	Journal = {Oxidative Medicine and Cellular Longevity},
	Doi = {10.1155/2012/428010},
	Isbn = {1942-0900},
	Issn = {19420994},
	Pages = {1-11},
	Pmid = {22685618},
	Publisher = {Hindawi},
	Title = {{Mechanism of oxidative stress in neurodegeneration}},
	Volume = {2012},
	Year = {2012},
	Bdsk-Url-2 = {https://doi.org/10.1155/2012/428010}}

@misc{Kishida2007,
	Author = {Kishida, Kenneth T. and Klann, Eric},
	Booktitle = {Antioxidants and Redox Signaling},
	Doi = {10.1089/ars.2007.9.233},
	Issn = {15230864},
	Number = {2},
	Pages = {233--244},
	Title = {{Sources and targets of reactive oxygen species in synaptic plasticity and memory}},
	Volume = {9},
	Year = {2007},
	Bdsk-Url-1 = {http://www.liebertonline.com/doi/abs/10.1089/ars.2007.9.ft-8},
	Bdsk-Url-2 = {https://doi.org/10.1089/ars.2007.9.233}}

@misc{Liu2017,
	Author = {Liu, Zewen and Zhou, Tingyang and Ziegler, Alexander C and Dimitrion, Peter and Zuo, Li},
	Booktitle = {Oxidative Medicine and Cellular Longevity},
	Doi = {10.1155/2017/2525967},
	Issn = {19420994},
	Title = {{Oxidative Stress in Neurodegenerative Diseases: From Molecular Mechanisms to Clinical Applications}},
	Volume = {2017},
	Year = {2017},
	Bdsk-Url-1 = {https://doi.org/10.1155/2017/2525967}}

@article{Wang2014,
	Author = {Wang, Weiwei and Zhang, Hao and Xue, Guo and Zhang, Li and Zhang, Weihua and Wang, Lina and Lu, Fanghao and Li, Hongzhu and Bai, Shuzhi and Lin, Yan and Lou, Yu and Xu, Changqing and Zhao, Yajun},
	Doi = {10.1155/2014/457429},
	Isbn = {1942-0994 (Electronic)},
	Issn = {19420994},
	Journal = {Oxidative Medicine and Cellular Longevity},
	Pmid = {25404991},
	Title = {{Exercise training preserves ischemic preconditioning in aged rat hearts by restoring the myocardial polyamine pool}},
	Volume = {2014},
	Year = {2014},
	Bdsk-Url-1 = {https://doi.org/10.1155/2014/457429}}

@misc{Bonda2010,
	Author = {Bonda, David J. and Wang, Xinglong and Perry, George and Nunomura, Akihiko and Tabaton, Massimo and Zhu, Xiongwei and Smith, Mark A.},
	Booktitle = {Neuropharmacology},
	Doi = {10.1016/j.neuropharm.2010.04.005},
	Issn = {00283908},
	Keywords = {Alzheimer disease,Antioxidants,Coenzyme Q,Dimebon,MitoQ,Mitochondrial antioxidants,Oxidative stress,Reactive oxidative species},
	Number = {4-5},
	Pages = {290--294},
	Title = {{Oxidative stress in Alzheimer disease: A possibility for prevention}},
	Volume = {59},
	Year = {2010},
	Bdsk-Url-1 = {https://doi.org/10.1016/j.neuropharm.2010.04.005}}

@misc{Shibata2008,
	Author = {Shibata, Noriyuki and Kobayashi, Makio},
	Booktitle = {Brain and Nerve},
	Doi = {10.5607/en.2015.24.4.325},
	Issn = {00068969},
	Number = {2},
	Pages = {157--170},
	Title = {{The role for oxidative stress in neurodegenerative diseases}},
	Volume = {60},
	Year = {2008},
	Bdsk-Url-1 = {https://synapse.koreamed.org/DOIx.php?id=10.5607/en.2015.24.4.325},
	Bdsk-Url-2 = {https://doi.org/10.5607/en.2015.24.4.325}}

@misc{Cobley2018,
	Author = {Cobley, James Nathan and Fiorello, Maria Luisa and Bailey, Damian Miles},
	Booktitle = {Redox Biology},
	Doi = {10.1016/j.redox.2018.01.008},
	Issn = {22132317},
	Keywords = {Brain,Mitochondria,Neurodegeneration,Oxidative stress,Redox signalling},
	Pages = {490--503},
	Publisher = {Elsevier B.V.},
	Title = {13 reasons why the brain is susceptible to oxidative stress},
	Volume = {15},
	Year = {2018},
	Bdsk-Url-1 = {https://doi.org/10.1016/j.redox.2018.01.008}}

@article{Nunomura2001,
	Archiveprefix = {arXiv},
	Arxivid = {0022-3069},
	Author = {Nunomura, Akihiko and Perry, George and Aliev, Gjumrakch and Hirai, Keisuke and Takeda, Atsushi and Balraj, Elizabeth K. and Jones, Paul K. and Ghanbari, Hossein and Wataya, Takafumi and Shimohama, Shun and Chiba, Shigeru and Atwood, Craig S. and Petersen, Robert B. and Smith, Mark A.},
	Doi = {10.1093/jnen/60.8.759},
	Isbn = {0022-3069 (Print)$\backslash$n0022-3069 (Linking)},
	Issn = {00223069},
	Journal = {Journal of Neuropathology and Experimental Neurology},
	Keywords = {8-hydroxyguanosine,Alzheimer disease,Amyloid $\beta$,Apolipoprotein E,Neurofibrillary tangle,Nitrotyrosine,Oxidative stress},
	Number = {8},
	Pages = {759--767},
	Pmid = {11487050},
	Publisher = {Oxford University Press},
	Title = {{Oxidative damage is the earliest event in Alzheimer disease}},
	Volume = {60},
	Year = {2001},
	Bdsk-Url-1 = {https://academic.oup.com/jnen/article-lookup/doi/10.1093/jnen/60.8.759},
	Bdsk-Url-2 = {https://doi.org/10.1093/jnen/60.8.759}}

@article{Ansari2010,
	Author = {Ansari, Mubeen A. and Scheff, Stephen W.},
	Doi = {10.1097/NEN.0b013e3181cb5af4},
	File = {:Users/Dumi/Library/Application Support/Mendeley Desktop/Downloaded/Ansari, Scheff - 2010 - Oxidative stress in the progression of alzheimer disease in the frontal cortex.pdf:pdf},
	Issn = {00223069},
	Journal = {Journal of Neuropathology and Experimental Neurology},
	Keywords = {Alzheimer disease,Free radicals,Mild cognitive impairment,Mitochondria,Neurodegeneration,Oxidative stress,Synapses},
	Number = {2},
	Pages = {155--167},
	Title = {{Oxidative stress in the progression of alzheimer disease in the frontal cortex}},
	Volume = {69},
	Year = {2010},
	Bdsk-Url-1 = {https://doi.org/10.1097/NEN.0b013e3181cb5af4}}

@misc{Pratico2004,
	Author = {Pratic{\`{o}}, Domenico and Sung, Syun},
	Booktitle = {Journal of Alzheimer's Disease},
	Doi = {10.3233/JAD-2004-6209},
	File = {:Users/Dumi/Library/Application Support/Mendeley Desktop/Downloaded/Pratic{\`{o}}, Sung - 2004 - Lipid Peroxidation and Oxidative imbalance Early functional events in Alzheimer's disease.pdf:pdf},
	Issn = {13872877},
	Keywords = {Alzheimer's disease,Frontotemporal dementia,Isoprostanes,Mild cognitive impairment,Oxidative stress},
	Number = {2},
	Pages = {171--175},
	Publisher = {IOS Press},
	Title = {{Lipid Peroxidation and Oxidative imbalance: Early functional events in Alzheimer's disease}},
	Volume = {6},
	Year = {2004},
	Bdsk-Url-1 = {https://doi.org/10.3233/JAD-2004-6209}}

@article{Williams2006,
	Author = {Williams, Taufika Islam and Lynn, Bert C. and Markesbery, William R. and Lovell, Mark A.},
	Doi = {10.1016/j.neurobiolaging.2005.06.004},
	File = {:Users/Dumi/Library/Application Support/Mendeley Desktop/Downloaded/Williams et al. - 2006 - Increased levels of 4-hydroxynonenal and acrolein, neurotoxic markers of lipid peroxidation, in the brain in Mi.pdf:pdf},
	Issn = {01974580},
	Journal = {Neurobiology of Aging},
	Keywords = {Alzheimer's disease,Early Alzheimer's disease,Lipid peroxidation,Mild Cognitive Impairment,Oxidative stress},
	Number = {8},
	Pages = {1094--1099},
	Title = {{Increased levels of 4-hydroxynonenal and acrolein, neurotoxic markers of lipid peroxidation, in the brain in Mild Cognitive Impairment and early Alzheimer's disease}},
	Volume = {27},
	Year = {2006},
	Bdsk-Url-1 = {https://doi.org/10.1016/j.neurobiolaging.2005.06.004}}

@article{Markesbery1998,
	Author = {Markesbery, W. R. and Lovell, M. A.},
	Doi = {10.1016/S0197-4580(98)00009-8},
	Issn = {01974580},
	Journal = {Neurobiology of Aging},
	Keywords = {Alzheimer's disease,Brain,Four-hydroxynonenal,Lipid peroxidation,Oxidative stress},
	Number = {1},
	Pages = {33--36},
	Title = {{Four-hydroxynonenal, a product of lipid peroxidation, is increased in the brain in Alzheimer's disease}},
	Volume = {19},
	Year = {1998},
	Bdsk-Url-1 = {https://doi.org/10.1016/S0197-4580(98)00009-8}}

@article{Rinaldi2003,
	Author = {Rinaldi, P. and Polidori, M. C. and Metastasio, A. and Mariani, E. and Mattioli, P. and Cherubini, A. and Catani, M. and Cecchetti, R. and Senin, U. and Mecocci, P.},
	Doi = {10.1016/S0197-4580(03)00031-9},
	Issn = {01974580},
	Journal = {Neurobiology of Aging},
	Keywords = {Alzheimer's disease,Antioxidants,Mild cognitive impairment,Oxidative stress},
	Number = {7},
	Pages = {915--919},
	Publisher = {Elsevier Inc.},
	Title = {{Plasma antioxidants are similarly depleted in mild cognitive impairment and in Alzheimer's disease}},
	Volume = {24},
	Year = {2003},
	Bdsk-Url-1 = {https://doi.org/10.1016/S0197-4580(03)00031-9}}

@article{Torres2011,
	Author = {Torres, Larissa Lobo and Quaglio, Nathalia Barbosa and {De Souza}, Gisele Tavares and Garcia, Raphael Tamborelli and Dati, L{\'{i}}via Mendon{\c{c}}a Munhoz and Moreira, Wallace Luiz and {De Melo Loureiro}, Ana Paula and {De Souza-Talarico}, Juliana Nery and Smid, Jerusa and Porto, Cl{\'{a}}udia Selito and {De Campos Bottino}, C{\'{a}}ssio Mac Hado and Nitrini, Ricardo and {De Moraes Barros}, Silvia Berlanga and Camarini, Rosana and Marcourakis, Tania},
	Doi = {10.3233/JAD-2011-110284},
	File = {:Users/Dumi/Library/Application Support/Mendeley Desktop/Downloaded/Torres et al. - 2011 - Peripheral oxidative stress biomarkers in mild cognitive impairment and alzheimer's disease.pdf:pdf},
	Issn = {18758908},
	Journal = {Journal of Alzheimer's Disease},
	Keywords = {Aging,Alzheimer's disease,antioxidant enzymes,malonaldehyde,mild cognitive impairment,oxidative stress},
	Number = {1},
	Pages = {59--68},
	Publisher = {IOS Press},
	Title = {{Peripheral oxidative stress biomarkers in mild cognitive impairment and alzheimer's disease}},
	Volume = {26},
	Year = {2011},
	Bdsk-Url-1 = {https://doi.org/10.3233/JAD-2011-110284}}

@article{Ferreiro2008,
	Author = {Ferreiro, Elisabete and Oliveira, Catarina R. and Pereira, Cl{\'{a}}udia M.F.},
	Doi = {10.1016/j.nbd.2008.02.003},
	Issn = {09699961},
	Journal = {Neurobiology of Disease},
	Keywords = {Alzheimer's disease,Amyloid-$\beta$,Apoptosis,Ca2+ homeostasis,Endoplasmic reticulum,Mitochondria,Oxidative stress,Prion disorders,Prion peptide,peptide},
	Number = {3},
	Pages = {331--342},
	Title = {{The release of calcium from the endoplasmic reticulum induced by amyloid-beta and prion peptides activates the mitochondrial apoptotic pathway}},
	Volume = {30},
	Year = {2008},
	Bdsk-Url-1 = {https://doi.org/10.1016/j.nbd.2008.02.003}}

@article{Matsuoka2001,
	Author = {Matsuoka, Y and Picciano, M and {La Francois}, J and Duff, K},
	Doi = {10.1016/S0306-4522(01)00115-4},
	Issn = {03064522},
	Journal = {Neuroscience},
	Keywords = {Alzheimer's disease,Amyloid $\beta$ protein,Animal model,Fibrillar $\beta$-amyloid,Oxidative stress},
	Number = {3},
	Pages = {609--613},
	Pmid = {11440793},
	Title = {{Fibrillar $\beta$-amyloid evokes oxidative damage in a transgenic mouse model of Alzheimer's disease}},
	Volume = {104},
	Year = {2001}}

@article{Zhao2013,
	Author = {Zhao, Yan and Zhao, Baolu},
	Booktitle = {Oxidative Medicine and Cellular Longevity},
	Journal = {Oxidative Medicine and Cellular Longevity},
	Doi = {10.1155/2013/316523},
	Issn = {19420900},
	Title = {{Oxidative stress and the pathogenesis of alzheimer's disease}},
	Year = {2013},
	Bdsk-Url-1 = {https://doi.org/10.1155/2013/316523}}

@article{Lovell1995,
	Author = {Lovell, Mark A. and Ehmann, William D. and Butler, Steven M. and Markesbery, William R.},
	Doi = {10.1212/WNL.45.8.1594},
	Issn = {1526632X},
	Journal = {Neurology},
	Number = {8},
	Pages = {1594--1601},
	Title = {{Elevated thiobarbituric acid-reactive substances and antioxidant enzyme activity in the brain in alzheimer's disease}},
	Volume = {45},
	Year = {1995},
	Bdsk-Url-1 = {https://doi.org/10.1212/WNL.45.8.1594}}

@article{Montine1998,
	Author = {Montine, Kathleen S. and Reich, Erin and Neely, M. Diana and Sidell, Kathrin R. and Olson, Sandra J. and Markesbery, William R. and Montine, Thomas J.},
	Doi = {10.1097/00005072-199805000-00005},
	Issn = {00223069},
	Journal = {Journal of Neuropathology and Experimental Neurology},
	Number = {5},
	Pages = {415--425},
	Publisher = {Lippincott Williams and Wilkins},
	Title = {{Distribution of reducible 4-hydroxynonenal adduct immunoreactivity in Alzheimer disease is associated with APOE genotype}},
	Volume = {57},
	Year = {1998},
	Bdsk-Url-1 = {https://doi.org/10.1097/00005072-199805000-00005}}

@article{Lovell1997,
	Author = {Lovell, M A and Ehmann, W D and Mattson, M P and Markesbery, W R},
	Doi = {10.1016/S0197-4580(97)00108-5},
	File = {:Users/Dumi/Library/Application Support/Mendeley Desktop/Downloaded/Lovell et al. - 1997 - Elevated 4-Hydroxynonenal in Ventricular Fluid in Alzheimer's Disease.pdf:pdf},
	Issn = {01974580},
	Journal = {Neurobiology of Aging},
	Keywords = {4-Hydroxynonenal,Alzheimer's disease,Lipid peroxidation,Oxidative stress,Ventricular fluid},
	Number = {5},
	Pages = {457--461},
	Title = {{Elevated 4-hydroxynonenal in ventricular fluid in Alzheimer's disease}},
	Volume = {18},
	Year = {1997},
	Bdsk-Url-1 = {https://doi.org/10.1016/S0197-4580(97)00108-5}}

@article{McGrath2001,
	Author = {McGrath, L.T.},
	Doi = {10.1093/qjmed/94.9.485},
	File = {:Users/Dumi/Library/Application Support/Mendeley Desktop/Downloaded/McGrath - 2001 - Increased oxidative stress in Alzheimer's disease as assessed with 4-hydroxynonenal but not malondialdehyde.pdf:pdf},
	Journal = {QJM},
	Number = {9},
	Pages = {485--490},
	Publisher = {Oxford University Press (OUP)},
	Title = {{Increased oxidative stress in Alzheimer's disease as assessed with 4-hydroxynonenal but not malondialdehyde}},
	Volume = {94},
	Year = {2001},
	Bdsk-Url-1 = {https://doi.org/10.1093/qjmed/94.9.485}}

@article{Marcus1998,
	Author = {Marcus, David L. and Thomas, Christopher and Rodriguez, Charles and Simberkoff, Katherine and Tsai, Jir S. and Strafaci, James A. and Freedman, Michael L.},
	Doi = {10.1006/exnr.1997.6750},
	Issn = {00144886},
	Journal = {Experimental Neurology},
	Keywords = {Alzheimer's disease,Antioxidation,Peroxidation,Superoxide dismutase},
	Number = {1},
	Pages = {40--44},
	Publisher = {Academic Press Inc.},
	Title = {{Increased peroxidation and reduced antioxidant enzyme activity in Alzheimer's disease}},
	Volume = {150},
	Year = {1998},
	Bdsk-Url-1 = {https://doi.org/10.1006/exnr.1997.6750}}

@article{Palmer1994,
	Author = {Palmer, Alan M and Burns, Mark A},
	Doi = {10.1016/0006-8993(94)91670-5},
	File = {:Users/Dumi/Library/Application Support/Mendeley Desktop/Downloaded/Palmer, Burns - 1994 - Selective increase in lipid peroxidation in the inferior temporal cortex in Alzheimer's disease.pdf:pdf},
	Issn = {00068993},
	Journal = {Brain Research},
	Keywords = {Aging,Dementia,Free radical,Human brain,Lipid peroxidation,Oxidative stress},
	Number = {1-2},
	Pages = {338--342},
	Title = {{Selective increase in lipid peroxidation in the inferior temporal cortex in Alzheimer's disease}},
	Volume = {645},
	Year = {1994},
	Bdsk-Url-1 = {https://doi.org/10.1016/0006-8993(94)91670-5}}

@article{Miranda2000,
	Author = {Miranda, Maira Di Ciero and {De Bruin}, Veralice M.S. and Vale, Marcus R. and Viana, Glauce S.B.},
	Doi = {10.1159/000022156},
	Issn = {0304324X},
	Journal = {Gerontology},
	Keywords = {Alzheimer's disease,Lipid peroxidation,Nitrite plus nitrate levels,Oxidative stress},
	Number = {4},
	Pages = {179--184},
	Title = {{Lipid peroxidation and nitrite plus nitrate levels in brain tissue from patients with Alzheimer's disease}},
	Volume = {46},
	Year = {2000},
	Bdsk-Url-1 = {https://www.karger.com/Article/FullText/22156},
	Bdsk-Url-2 = {https://doi.org/10.1159/000022156}}

@article{Bradley2010,
	Author = {Bradley, M. A. and Markesbery, W. R. and Lovell, M. A.},
	Doi = {10.1016/j.freeradbiomed.2010.02.016},
	File = {:Users/Dumi/Library/Application Support/Mendeley Desktop/Downloaded/Bradley, Markesbery, Lovell - 2010 - Increased levels of 4-hydroxynonenal and acrolein in the brain in preclinical Alzheimer disease.pdf:pdf},
	Issn = {08915849},
	Journal = {Free Radical Biology and Medicine},
	Keywords = {Free radicals,Lipid peroxidation,Oxidative damage,Preclinical Alzheimer disease},
	Number = {12},
	Pages = {1570--1576},
	Title = {{Increased levels of 4-hydroxynonenal and acrolein in the brain in preclinical Alzheimer disease}},
	Volume = {48},
	Year = {2010},
	Bdsk-Url-1 = {https://doi.org/10.1016/j.freeradbiomed.2010.02.016}}

@article{Calingasan1999,
	Author = {Calingasan, Noel Y. and Uchida, Koji and Gibson, Gary E.},
	Doi = {10.1046/j.1471-4159.1999.0720751.x},
	Issn = {00223042},
	Journal = {Journal of Neurochemistry},
	Keywords = {Acrolein,Alzheimer's disease,Hydroxynonenal,Lipid peroxidation,Neurofibrillary tangles,Oxidative stress},
	Number = {2},
	Pages = {751--756},
	Publisher = {Lippincott Williams and Wilkins},
	Title = {{Protein-bound acrolein: A novel marker of oxidative stress in Alzheimer's disease}},
	Volume = {72},
	Year = {1999},
	Bdsk-Url-1 = {https://doi.org/10.1046/j.1471-4159.1999.0720751.x}}

@article{Lovell2001,
	Author = {Lovell, Mark A. and Xie, Chengsong and Markesbery, William R.},
	Doi = {10.1016/S0197-4580(00)00235-9},
	Issn = {01974580},
	Journal = {Neurobiology of Aging},
	Keywords = {Alzheimer's disease,Brain,Free radicals,Lipid peroxidation,Neuronal cultures,Neurotoxin},
	Number = {2},
	Pages = {187--194},
	Title = {{Acrolein is increased in Alzheimer's disease brain and is toxic to primary hippocampal cultures}},
	Volume = {22},
	Year = {2001},
	Bdsk-Url-1 = {https://doi.org/10.1016/S0197-4580(00)00235-9}}

@article{Cataldo2000,
	Author = {Cataldo, A M and Peterhoff, C M and Troncoso, J C and Gomez-Isla, T and Hyman, B T and Nixon, R A},
	Issn = {0002-9440},
	Journal = {The American journal of pathology},
	Number = {1},
	Pages = {277--86},
	Pmid = {10880397},
	Publisher = {American Society for Investigative Pathology},
	Title = {{Endocytic pathway abnormalities precede amyloid beta deposition in sporadic Alzheimer's disease and Down syndrome: differential effects of APOE genotype and presenilin mutations.}},
	Volume = {157},
	Year = {2000}}

@article{Chandrasekaran1994,
	Author = {Chandrasekaran, Krish and Giordano, Tony and Brady, Daniel R and Stoll, James and Martin, Lee J and Rapoport, Stanley I},
	Doi = {10.1016/0169-328X(94)90147-3},
	File = {:Users/Dumi/Library/Application Support/Mendeley Desktop/Downloaded/Chandrasekaran et al. - 1994 - MOLECULAR BRAIN RESEARCH Short Communication Impairment in mitochondrial cytochrome oxidase gene expressi.pdf:pdf},
	Issn = {0169328X},
	Journal = {Molecular Brain Research},
	Keywords = {Alzheimer's disease,Human brain,Northern blot,Oxidative metabolism,Primary motor cortex,Synaptic loss,Temporal cortex},
	Number = {1-4},
	Pages = {336--340},
	Title = {{Impairment in mitochondrial cytochrome oxidase gene expression in Alzheimer disease}},
	Volume = {24},
	Year = {1994},
	Bdsk-Url-1 = {https://doi.org/10.1016/0169-328X(94)90147-3}}

@article{Cottrell2001,
	Author = {Cottrell, D. A. and Blakely, E. L. and Johnson, M. A. and Ince, P. G. and Turnbull, D. M.},
	Doi = {10.1212/WNL.57.2.260},
	Issn = {00283878},
	Journal = {Neurology},
	Number = {2},
	Pages = {260--264},
	Publisher = {Lippincott Williams and Wilkins},
	Title = {{Mitochondrial enzyme-deficient hippocampal neurons and choroidal cells in AD}},
	Volume = {57},
	Year = {2001},
	Bdsk-Url-1 = {https://doi.org/10.1212/WNL.57.2.260}}

@article{Maurer2000,
	Author = {Maurer, Iris and Zierz, Stephan and M{\"{o}}ller, Hans J{\"{u}}rgen},
	Doi = {10.1016/S0197-4580(00)00112-3},
	Issn = {01974580},
	Journal = {Neurobiology of Aging},
	Keywords = {Alzheimer disease brain,Cytochrome c oxidase,Mitochondrial respiratory chain,Oxidative phosphorylation},
	Number = {3},
	Pages = {455--462},
	Title = {{A selective defect of cytochrome c oxidase is present in brain of Alzheimer disease patients}},
	Volume = {21},
	Year = {2000},
	Bdsk-Url-1 = {https://doi.org/10.1016/S0197-4580(00)00112-3}}

@article{Ito1994,
	Author = {Ito, E. and Oka, K. and Etcheberrigaray, R. and Nelson, T. J. and McPhie, D. L. and Tofel-Grehl, B. and Gibson, G. E. and Alkon, D. L.},
	Doi = {10.1073/pnas.91.2.534},
	Issn = {00278424},
	Journal = {Proceedings of the National Academy of Sciences of the United States of America},
	Number = {2},
	Pages = {534--538},
	Publisher = {National Academy of Sciences},
	Title = {{Internal Ca2+ mobilization is altered in fibroblasts from patients with Alzheimer disease}},
	Volume = {91},
	Year = {1994},
	Bdsk-Url-1 = {https://doi.org/10.1073/pnas.91.2.534}}

@misc{Peterson1985,
	Author = {Peterson, Christine and Gibson, Gary E. and Blass, John P.},
	Booktitle = {New England Journal of Medicine},
	Doi = {10.1056/NEJM198504183121618},
	Issn = {15334406},
	Number = {16},
	Pages = {1063--1065},
	Title = {{Altered Calcium Uptake in Cultured Skin Fibroblasts from Patients with Alzheimer's Disease}},
	Volume = {312},
	Year = {1985},
	Bdsk-Url-1 = {https://doi.org/10.1056/NEJM198504183121618}}

@article{Area-Gomez2012,
	Author = {Area-Gomez, Estela and {Del Carmen Lara Castillo}, Maria and Tambini, Marc D. and Guardia-Laguarta, Cristina and {De Groof}, Ad J C and Madra, Moneek and Ikenouchi, Junichi and Umeda, Masato and Bird, Thomas D. and Sturley, Stephen L. and Schon, Eric A.},
	Doi = {10.1038/emboj.2012.202},
	Issn = {02614189},
	Journal = {EMBO Journal},
	Keywords = {APP,MAM,cholesterol,phospholipids,presenilin},
	Number = {21},
	Pages = {4106--4123},
	Title = {{Upregulated function of mitochondria-associated ER membranes in Alzheimer disease}},
	Volume = {31},
	Year = {2012},
	Bdsk-Url-1 = {https://doi.org/10.1038/emboj.2012.202}}

@article{Mecocci1994,
	Author = {Mecocci, Patrizia and MacGarvey, Usha and Beal, M. Flint},
	Doi = {10.1002/ana.410360510},
	Issn = {15318249},
	Journal = {Annals of Neurology},
	Number = {5},
	Pages = {747--751},
	Title = {{Oxidative damage to mitochondrial DNA is increased in Alzheimer's disease}},
	Volume = {36},
	Year = {1994},
	Bdsk-Url-1 = {https://doi.org/10.1002/ana.410360510}}

@article{Wang2005,
	Author = {Wang, J. and Xiong, S. and Xie, C. and Markesbery, W. R. and Lovell, M. A.},
	Doi = {10.1111/j.1471-4159.2005.03053.x},
	Issn = {00223042},
	Journal = {Journal of Neurochemistry},
	Keywords = {8-hydroxyguanine,Alzheimer's disease,Gas chromatography/ mass spectrometry,Mitochondrial DNA,Nuclear DNA,Oxidative stress},
	Number = {4},
	Pages = {953--962},
	Title = {{Increased oxidative damage in nuclear and mitochondrial DNA in Alzheimer's disease}},
	Volume = {93},
	Year = {2005},
	Bdsk-Url-1 = {https://doi.org/10.1111/j.1471-4159.2005.03053.x}}

@article{Baldi2003,
	Author = {Baldi, Isabelle and Lebailly, Pierre and Mohammed-Brahim, Brahim and Letenneur, Luc and Dartigues, Jean Fran{\c{c}}ois and Brochard, Patrick},
	Doi = {10.1093/aje/kwf216},
	Issn = {00029262},
	Journal = {American Journal of Epidemiology},
	Keywords = {Aged,Alzheimer disease,Nervous system diseases,Occupational exposure,Parkinson disease,Pesticides},
	Number = {5},
	Pages = {409--414},
	Title = {{Neurodegenerative diseases and exposure to pesticides in the elderly}},
	Volume = {157},
	Year = {2003},
	Bdsk-Url-1 = {https://doi.org/10.1093/aje/kwf216}}

@article{Hayden2010,
	Abstract = {Background: Commonly used organophosphate and organochlorine pesticides inhibit},
	Author = {Hayden, K. M. and Norton, M. C. and Darcey, D. and {\O}stbye, T. and Zandi, P. P. and Breitner, J. C.S. and Welsh-Bohmer, K. A.},
	Doi = {10.1212/WNL.0b013e3181dd4423},
	Issn = {00283878},
	Journal = {Neurology},
	Number = {19},
	Pages = {1524--1530},
	Title = {{Occupational exposure to pesticides increases the risk of incident AD: The Cache County Study}},
	Volume = {74},
	Year = {2010},
	Bdsk-Url-1 = {https://doi.org/10.1212/WNL.0b013e3181dd4423}}

@misc{Santibanez2007,
	Author = {Santiba{\~{n}}ez, Miguel and Bolumar, Francisco and Garc{\'{i}}a, Ana M.},
	Booktitle = {Occupational and Environmental Medicine},
	Doi = {10.1136/oem.2006.028209},
	File = {:Users/Dumi/Library/Application Support/Mendeley Desktop/Downloaded/Santiba{\~{n}}ez, Bolumar, Garc{\'{i}}a - 2007 - Occupational risk factors in Alzheimer's disease A review assessing the quality of published epid.pdf:pdf},
	Issn = {13510711},
	Number = {11},
	Pages = {723--732},
	Title = {{Occupational risk factors in Alzheimer's disease: A review assessing the quality of published epidemiological studies}},
	Volume = {64},
	Year = {2007},
	Bdsk-Url-1 = {https://doi.org/10.1136/oem.2006.028209}}

@article{Yan2016,
	Abstract = {Pesticide exposure and risk of Alzheimer's disease: a systematic review and meta-analysis},
	Author = {Yan, Dandan and Zhang, Yunjian and Liu, Liegang and Yan, Hong},
	Doi = {10.1038/srep32222},
	File = {:Users/Dumi/Library/Application Support/Mendeley Desktop/Downloaded/Yan et al. - 2016 - Pesticide exposure and risk of Alzheimer's disease A systematic review and meta-analysis.pdf:pdf},
	Issn = {20452322},
	Journal = {Scientific Reports},
	Publisher = {Nature Publishing Group},
	Title = {{Pesticide exposure and risk of Alzheimer's disease: A systematic review and meta-analysis}},
	Volume = {6},
	Year = {2016},
	Bdsk-Url-1 = {https://doi.org/10.1038/srep32222}}

@misc{Landrigan2005,
	Author = {Landrigan, Philip J. and Sonawane, Babasaheb and Butler, Robert N. and Trasande, Leonardo and Callan, Richard and Droller, Daniel},
	Booktitle = {Environmental Health Perspectives},
	Doi = {10.1289/ehp.7571},
	Issn = {00916765},
	Keywords = {Alzheimer disease,Maneb,Manganese,National Children's Study,Neurodegenerative disease,Paraquat,Parkinson disease,Pesticides},
	Number = {9},
	Pages = {1230--1233},
	Title = {{Early environmental origins of neurodegenerative disease in later life}},
	Volume = {113},
	Year = {2005},
	Bdsk-Url-1 = {https://doi.org/10.1289/ehp.7571}}

@article{Baltazar2014,
	Author = {Baltazar, Maria Teresa and Dinis-Oliveira, Ricardo Jorge and {de Lourdes Bastos}, Maria and Tsatsakis, Aristidis M. and Duarte, Jos{\'{e}} Alberto and Carvalho, F{\'{e}}lix},
	Doi = {10.1016/j.toxlet.2014.01.039},
	Issn = {18793169},
	Journal = {Toxicology Letters},
	Keywords = {Alzheimer's disease,Amyotrophic lateral sclerosis,Neurodegenerative diseases,Paraquat,Parkinson's disease,Pesticides},
	Number = {2},
	Pages = {85--103},
	Publisher = {Elsevier Ireland Ltd},
	Title = {{Pesticides exposure as etiological factors of Parkinson's disease and other neurodegenerative diseases-A mechanistic approach}},
	Volume = {230},
	Year = {2014},
	Bdsk-Url-1 = {https://doi.org/10.1016/j.toxlet.2014.01.039}}

@article{Drechsel2008,
	Author = {Drechsel, Derek A and Patel, Manisha},
	Doi = {10.1016/j.freeradbiomed.2008.02.008},
	File = {:Users/Dumi/Library/Application Support/Mendeley Desktop/Downloaded/Drechsel, Patel - 2008 - Role of reactive oxygen species in the neurotoxicity of environmental agents implicated in Parkinson's disease.pdf:pdf},
	Issn = {0891-5849},
	Journal = {Free radical biology {\&} medicine},
	Number = {11},
	Pages = {1873--86},
	Pmid = {18342017},
	Publisher = {NIH Public Access},
	Title = {{Role of reactive oxygen species in the neurotoxicity of environmental agents implicated in Parkinson's disease.}},
	Volume = {44},
	Year = {2008},
	Bdsk-Url-1 = {https://doi.org/10.1016/j.freeradbiomed.2008.02.008}}

@article{Lin2006,
	Author = {Lin, Michael T. and Beal, M. Flint},
	Doi = {10.1038/nature05292},
	Issn = {00280836},
	Journal = {Nature},
	Number = {7113},
	Pages = {787--795},
	Title = {{Mitochondrial dysfunction and oxidative stress in neurodegenerative diseases}},
	Volume = {443},
	Year = {2006},
	Bdsk-Url-1 = {https://doi.org/10.1038/nature05292}}

@misc{Rhee2006,
	Author = {Rhee, Sue Goo},
	Booktitle = {Science},
	Doi = {10.1126/science.1130481},
	Issn = {00368075},
	Number = {5782},
	Pages = {1882--1883},
	Title = {{H2O2, a necessary evil for cell signaling}},
	Volume = {312},
	Year = {2006},
	Bdsk-Url-1 = {https://doi.org/10.1126/science.1130481}}

@article{Du2008,
	Author = {Du, Heng and Guo, Lan and Fang, Fang and Chen, Doris and {A Sosunov}, Alexander and {M McKhann}, Guy and Yan, Yilin and Wang, Chunyu and Zhang, Hong and Molkentin, Jeffery D. and Gunn-Moore, Frank J. and Vonsattel, Jean Paul and Arancio, Ottavio and Chen, John Xi and Yan, Shi Du},
	Doi = {10.1038/nm.1868},
	Issn = {10788956},
	Journal = {Nature Medicine},
	Number = {10},
	Pages = {1097--1105},
	Title = {{Cyclophilin D deficiency attenuates mitochondrial and neuronal perturbation and ameliorates learning and memory in Alzheimer's disease}},
	Volume = {14},
	Year = {2008},
	Bdsk-Url-1 = {https://doi.org/10.1038/nm.1868}}

@article{Manczak2006,
	Author = {Manczak, Maria and Anekonda, Thimmappa S. and Henson, Edward and Park, Byung S. and Quinn, Joseph and Reddy, P. Hemachandra},
	Doi = {10.1093/hmg/ddl066},
	Issn = {09646906},
	Journal = {Human Molecular Genetics},
	Number = {9},
	Pages = {1437--1449},
	Title = {{Mitochondria are a direct site of A$\beta$ accumulation in Alzheimer's disease neurons: Implications for free radical generation and oxidative damage in disease progression}},
	Volume = {15},
	Year = {2006},
	Bdsk-Url-1 = {https://doi.org/10.1093/hmg/ddl066}}

@article{Chen2012,
	Author = {Chen, Liuji and Yoo, Si Eun and Na, Ren and Liu, Yuhong and Ran, Qitao},
	Doi = {10.1016/j.neurobiolaging.2011.01.008},
	Issn = {15581497},
	Journal = {Neurobiology of Aging},
	Number = {2},
	Pages = {432.e15--432.e26},
	Pmid = {21429624},
	Title = {{Cognitive impairment and increased A$\beta$ levels induced by paraquat exposure are attenuated by enhanced removal of mitochondrial H2O2}},
	Volume = {33},
	Year = {2012},
	Bdsk-Url-1 = {https://doi.org/10.1016/j.neurobiolaging.2011.01.008}}

@inproceedings{Chen2015,
	Author = {M. {Chen} and B. {Liang} and M. {Dong}},
	Booktitle = {2015 IEEE 16th International Workshop on Signal Processing Advances in Wireless Communications (SPAWC)},
	Doi = {10.1109/SPAWC.2015.7227025},
	Pages = {186-190},
	Title = {A semidefinite relaxation approach to mobile cloud offloading with computing access point},
	Year = {2015},
	Bdsk-Url-1 = {https://doi.org/10.1109/SPAWC.2015.7227025}}

@article{Rajendran2012,
	Author = {Rajendran, Lawrence and Annaert, Wim},
	Doi = {10.1111/j.1600-0854.2012.01332.x},
	Journal = {Traffic},
	Number = {6},
	Pages = {759-770},
	Title = {Membrane Trafficking Pathways in Alzheimer's Disease},
	Volume = {13},
	Year = {2012},
	Bdsk-Url-1 = {https://doi.org/10.1111/j.1600-0854.2012.01332.x}}

@article{Ramaker2016,
	Author = {Ramaker, Jenna M. and Cargill, Robert S. and Swanson, Tracy L. and Quirindongo, Hanil and Cassar, Marl{\`e}ne and Kretzschmar, Doris and Copenhaver, Philip F.},
	Doi = {10.3389/fnmol.2016.00130},
	Issn = {1662-5099},
	Journal = {Frontiers in Molecular Neuroscience},
	Pages = {130},
	Title = {Amyloid Precursor Proteins Are Dynamically Trafficked and Processed during Neuronal Development},
	Volume = {9},
	Year = {2016},
	Bdsk-Url-1 = {https://doi.org/10.3389/fnmol.2016.00130}}

@article{Sabo2003,
	Author = {Sabo, Shasta L. and Ikin, Annat F. and Buxbaum, Joseph D. and Greengard, Paul},
	Doi = {10.1523/JNEUROSCI.23-13-05407.2003},
	Issn = {0270-6474},
	Journal = {Journal of Neuroscience},
	Number = {13},
	Pages = {5407--5415},
	Publisher = {Society for Neuroscience},
	Title = {The Amyloid Precursor Protein and Its Regulatory Protein, FE65, in Growth Cones and Synapses In Vitro and In Vivo},
	Volume = {23},
	Year = {2003},
	Bdsk-Url-1 = {https://www.jneurosci.org/content/23/13/5407},
	Bdsk-Url-2 = {https://doi.org/10.1523/JNEUROSCI.23-13-05407.2003}}

@article{Ashley2005,
	Author = {Ashley, James and Packard, Mary and Ataman, Bulent and Budnik, Vivian},
	Doi = {10.1523/JNEUROSCI.1144-05.2005},
	Issn = {0270-6474},
	Journal = {Journal of Neuroscience},
	Number = {25},
	Pages = {5943--5955},
	Publisher = {Society for Neuroscience},
	Title = {Fasciclin II Signals New Synapse Formation through Amyloid Precursor Protein and the Scaffolding Protein dX11/Mint},
	Volume = {25},
	Year = {2005},
	Bdsk-Url-2 = {https://doi.org/10.1523/JNEUROSCI.1144-05.2005}}

@article{Yamazaki1997,
	Author = {Yamazaki, T. and Koo, E.H. and Selkoe, D.J.},
	Document_Type = {Article},
	Journal = {Journal of Neuroscience},
	Note = {cited By 114},
	Number = {3},
	Pages = {1004-1010},
	Source = {Scopus},
	Title = {Cell surface amyloid $\beta$-protein precursor colocalizes with $\beta$1 integrins at substrate contact sites in neural cells},
	Volume = {17},
	Year = {1997}}

@article{Obrien2011,
	Author = {O'Brien, Richard J. and Wong, Philip C.},
	Doi = {10.1146/annurev-neuro-061010-113613},
	Journal = {Annual Review of Neuroscience},
	Note = {PMID: 21456963},
	Number = {1},
	Pages = {185-204},
	Title = {Amyloid Precursor Protein Processing and Alzheimer's Disease},
	Volume = {34},
	Year = {2011},
	Bdsk-Url-1 = {https://doi.org/10.1146/annurev-neuro-061010-113613}}

@article{Gandy1994,
	Author = {Sam Gandy and Gregg Caporaso and Joseph Buxbaum and Blas Frangione and Paul Greengard},
	Doi = {https://doi.org/10.1016/0197-4580(94)90125-2},
	Issn = {0197-4580},
	Journal = {Neurobiology of Aging},
	Number = {2},
	Pages = {253 - 256},
	Title = {APP processing, $A\beta$-amyloidogenesis, and the pathogenesis of Alzheimer's disease},
	Volume = {15},
	Year = {1994},
	Bdsk-Url-1 = {https://doi.org/10.1016/0197-4580(94)90125-2}}

@article{Roychaudhuri2009,
	Author = {Roychaudhuri, Robin and Yang, Mingfeng and Hoshi, Minako M. and Teplow, David B.},
	Doi = {10.1074/jbc.R800036200},
	Journal = {Journal of Biological Chemistry},
	Number = {8},
	Pages = {4749-4753},
	Title = {Amyloid $\beta$-Protein Assembly and Alzheimer Disease},
	Volume = {284},
	Year = {2009},
	Bdsk-Url-1 = {https://doi.org/10.1074/jbc.R800036200}}

@article{Caster2013,
	Author = {Caster, Amanda H. and Kahn, Richard A.},
	Doi = {10.1074/jbc.M113.481101},
	Journal = {Journal of Biological Chemistry},
	Number = {40},
	Pages = {28567-28580},
	Title = {Recruitment of the Mint3 Adaptor Is Necessary for Export of the Amyloid Precursor Protein (APP) from the Golgi Complex},
	Volume = {288},
	Year = {2013},
	Bdsk-Url-1 = {https://doi.org/10.1074/jbc.M113.481101}}

@article{Cole2007,
	Author = {Cole, Sarah L and Vassar, Robert},
	Doi = {10.1186/1750-1326-2-22},
	Issn = {1750-1326},
	Journal = {Molecular Neurodegeneration},
	Number = {1},
	Pages = {22},
	Title = {{The Alzheimer's disease $\beta$-secretase enzyme, BACE1}},
	Volume = {2},
	Year = {2007},
	Bdsk-Url-1 = {https://doi.org/10.1186/1750-1326-2-22}}

@article{Jarrett1993,
	Annote = {doi: 10.1021/bi00069a001},
	Author = {Jarrett, Joseph T and Berger, Elizabeth P and Lansbury, Peter T},
	Doi = {10.1021/bi00069a001},
	Issn = {0006-2960},
	Journal = {Biochemistry},
	Number = {18},
	Pages = {4693--4697},
	Publisher = {American Chemical Society},
	Title = {{The carboxy terminus of the .beta. amyloid protein is critical for the seeding of amyloid formation: Implications for the pathogenesis of Alzheimer's disease}},
	Volume = {32},
	Year = {1993},}

@article{Gouras2000,
	Author = {Gunnar K. Gouras and Julia Tsai and Jan Naslund and Bruno Vincent and Mark Edgar and Frederic Checler and Jeffrey P. Greenfield and Vahram Haroutunian and Joseph D. Buxbaum and Huaxi Xu and Paul Greengard and Norman R. Relkin},
	Doi = {https://doi.org/10.1016/S0002-9440(10)64700-1},
	Issn = {0002-9440},
	Journal = {The American Journal of Pathology},
	Number = {1},
	Pages = {15 - 20},
	Title = {Intraneuronal $A\beta$42 Accumulation in Human Brain},
	Volume = {156},
	Year = {2000},
	Bdsk-Url-1 = {https://doi.org/10.1016/S0002-9440(10)64700-1}}

@article{Takahasi2013,
	Author = {Takahashi, Reisuke H. AND Capetillo-Zarate, Estibaliz AND Lin, Michael T. AND Milner, Teresa A. AND Gouras, Gunnar K.},
	Doi = {10.1371/journal.pone.0051965},
	Journal = {PLOS ONE},
	Number = {1},
	Pages = {1-9},
	Publisher = {Public Library of Science},
	Title = {Accumulation of Intraneuronal $\beta$-Amyloid 42 Peptides Is Associated with Early Changes in Microtubule-Associated Protein 2 in Neurites and Synapses},
	Volume = {8},
	Year = {2013},
	Bdsk-Url-1 = {https://doi.org/10.1371/journal.pone.0051965}}

@article{Golde1992,
	Author = {Golde, T.E. and Estus, S. and Younkin, L.H. and Selkoe, D.J. and Younkin, S.G.},
	Document_Type = {Article},
	Doi = {10.1126/science.1738847},
	Journal = {Science},
	Number = {5045},
	Pages = {728-730},
	Title = {Processing of the amyloid protein precursor to potentially amyloidogenic derivatives},
	Volume = {255},
	Year = {1992},
	Bdsk-Url-1 = {https://doi.org/10.1126/science.1738847}}

@article{Burdick1992,
	Author = {Burdick, D. and Soreghan, B. and Kwon, M. and Kosmoski, J. and Knauer, M. and Henschen, A. and Yates, J. and Cotman, C. and Glabe, C.},
	Journal = {Journal of Biological Chemistry},
	Number = {1},
	Pages = {546-554},
	Title = {Assembly and aggregation properties of synthetic Alzheimer's A4/$\beta$ amyloid peptide analogs},
	Volume = {267},
	Year = {1992}}

@article{Gravina1995,
	Author = {Gravina, S.A. and Ho, L. and Eckman, C.B. and Long, K.E. and Otvos Jr., L. and Younkin, L.H. and Suzuki, N. and Younkin, S.G.},
	Doi = {10.1074/jbc.270.13.7013},
	Journal = {Journal of Biological Chemistry},
	Number = {13},
	Pages = {7013-7016},
	Title = {Amyloid $\beta$ protein ($A\beta$) in Alzheimer's disease brain. Biochemical and immunocytochemical analysis with antibodies specific for forms ending at $A\beta$40 or $A\beta$42(43)},
	Volume = {270},
	Year = {1995},
	Bdsk-Url-1 = {https://doi.org/10.1074/jbc.270.13.7013}}

@article{Shankar2008,
	Abstract = {The synaptotoxic A$\beta$ protein aggregates in the brains of individuals with Alzheimer's disease. Dennis Selkoe and his colleagues identify the size of the A$\beta$ aggregate in the brains of individuals with Alzheimer's disease that is responsible for the deficits of learning and memory that characterize the disease.},
	Author = {Shankar, Ganesh M and Li, Shaomin and Mehta, Tapan H and Garcia-Munoz, Amaya and Shepardson, Nina E and Smith, Imelda and Brett, Francesca M and Farrell, Michael A and Rowan, Michael J and Lemere, Cynthia A and Regan, Ciaran M and Walsh, Dominic M and Sabatini, Bernardo L and Selkoe, Dennis J},
	Doi = {10.1038/nm1782},
	Issn = {1546-170X},
	Journal = {Nature Medicine},
	Number = {8},
	Pages = {837--842},
	Title = {{Amyloid-$\beta$ protein dimers isolated directly from Alzheimer's brains impair synaptic plasticity and memory}},
	Volume = {14},
	Year = {2008},
	Bdsk-Url-1 = {https://doi.org/10.1038/nm1782}}

@article{Shankar2009,
	Author = {Shankar, Ganesh M and Walsh, Dominic M},
	Doi = {10.1186/1750-1326-4-48},
	Issn = {1750-1326},
	Journal = {Molecular Neurodegeneration},
	Number = {1},
	Pages = {48},
	Title = {{Alzheimer's disease: synaptic dysfunction and A$\beta$}},
	Volume = {4},
	Year = {2009},
	Bdsk-Url-1 = {https://doi.org/10.1186/1750-1326-4-48}}

@article{Wong2008,
	Author = {Wong, Esther S.P. and Tan, Jeanne M.M. and Soong, Wen-E and Hussein, Kamila and Nukina, Nobuyuki and Dawson, Valina L. and Dawson, Ted M. and Cuervo, Ana Maria and Lim, Kah-Leong},
	Doi = {10.1093/hmg/ddn157},
	Issn = {0964-6906},
	Journal = {Human Molecular Genetics},
	Number = {16},
	Pages = {2570-2582},
	Title = {{Autophagy-mediated clearance of aggresomes is not a universal phenomenon}},
	Volume = {17},
	Year = {2008},
	Bdsk-Url-1 = {https://doi.org/10.1093/hmg/ddn157}}

@article{Ling2009,
	Author = {Ling, Daijun AND Song, Ho-Juhn AND Garza, Dan AND Neufeld, Thomas P. AND Salvaterra, Paul M.},
	Doi = {10.1371/journal.pone.0004201},
	Journal = {PLOS ONE},
	Number = {1},
	Pages = {1-11},
	Publisher = {Public Library of Science},
	Title = {Abeta42-Induced Neurodegeneration via an Age-Dependent Autophagic-Lysosomal Injury in Drosophila},
	Url = {https://doi.org/10.1371/journal.pone.0004201},
	Volume = {4},
	Year = {2009},
	Bdsk-Url-1 = {https://doi.org/10.1371/journal.pone.0004201}}

@article{Ling2014,
	Author = {Daijun Ling and Martha Magallanes and Paul M. Salvaterra},
	Doi = {10.1042/AN20130044},
	Journal = {ASN Neuro},
	Number = {2},
	Pages = {AN20130044},
	Title = {Accumulation of Amyloid-Like $A\beta$1--42 in AEL (Autophagy--Endosomal--Lysosomal) Vesicles: Potential Implications for Plaque Biogenesis},
	Volume = {6},
	Year = {2014},
	Bdsk-Url-1 = {https://doi.org/10.1042/AN20130044}}

@article{Ling2011,
	Author = {Ling, Daijun and Salvaterra, Paul M.},
	Doi = {10.1007/s00401-010-0772-0},
	Journal = {Acta Neuropathologica},
	Number = {2},
	Pages = {183-191},
	Title = {Brain aging and A$\beta$\textsubscript{1-42} neurotoxicity converge via deterioration in autophagy--lysosomal system: a conditional Drosophila model linking Alzheimer's neurodegeneration with aging},
	Volume = {121},
	Year = {2011},
	Bdsk-Url-1 = {https://doi.org/10.1007/s00401-010-0772-0}}
	
@article{Lustbader2004,
author={Lustbader, J.W. and Cirilli, M. and Lin, C. and Xu, H.W. and Takuma, K. and Wang, N. and Caspersen, C. and Chen, X. and Pollak, S. and Chaney, M. and Trinchese, F. and Liu, S. and Gunn-Moore, F. and Lue, L.-F. and Walker, D.G. and Kappasamy, P. and Zewier, Z.L. and Arancio, O. and Stern, D. and Yan, S.S.D. and Wu, H.},
title={ABAD Directly Links $A\beta$ to Mitochondrial Toxicity in Alzheimer's Disease},
journal={Science},
year={2004},
volume={304},
number={5669},
pages={448-452},
doi={10.1126/science.1091230},
}

@misc{Rosenmann2013,
author = {Rosenmann, Hanna},
booktitle = {Current Alzheimer Research},
doi = {http://dx.doi.org/10.2174/1567205011310030001},
isbn = {1567-2050/1875-5828},
number = {3},
pages = {217--228},
title = {{Immunotherapy for Targeting Tau Pathology in Alzheimer's Disease and Tauopathies}},
volume = {10},
year = {2013}
}

@article{DalPra2015,
author = {Ilaria Dal Prà and Anna Chiarini and Li Gui and Balu Chakravarthy and Raffaella Pacchiana and Emanuela Gardenal and James F. Whitfield and Ubaldo Armato},
title ={Do Astrocytes Collaborate with Neurons in Spreading the "Infectious" $A\beta$ and Tau Drivers of Alzheimer’s Disease?},
journal = {The Neuroscientist},
volume = {21},
number = {1},
pages = {9-29},
year = {2015},
doi = {10.1177/1073858414529828},
}

@article{Funato1998,
author={Funato, H. and Yoshimura, M. and Kusui, K. and Tamaoka, A. and Ishikawa, K. and Ohkoshi, N. and Namekata, K. and Okeda, R. and Ihara, Y.},
title={Quantitation of amyloid $\beta$-protein ($A\beta$) in the cortex during aging and in Alzheimer's disease},
journal={American Journal of Pathology},
year={1998},
volume={152},
number={6},
pages={1633-1640},
}

@article{Borchelt1996,
title = {Familial Alzheimer's Disease–Linked Presenilin 1 Variants Elevate $A\beta$1–42/1–40 Ratio In Vitro and In Vivo},
journal = {Neuron},
volume = {17},
number = {5},
pages = {1005 - 1013},
year = {1996},
issn = {0896-6273},
author = {David R. Borchelt and Gopal Thinakaran and Christopher B. Eckman and Michael K. Lee and Frances Davenport and Tamara Ratovitsky and Cristian-Mihail Prada and Grace Kim and Sophia Seekins and Debra Yager and Hilda H. Slunt and Rong Wang and Mary Seeger and Allan I. Levey and Samuel E. Gandy and Neal G. Copeland and Nancy A. Jenkins and Donald L. Price and Steven G. Younkin and Sangram S. Sisodia},
}

@article{Scheuner1996,
author={Scheuner, D. and Eckman, C. and Jensen, M. and Song, X. and Citron, M. and Suzuki, N. and Bird, T.D. and Hardy, J. and Hutton, M. and Kukull, W. and Larson, E. and Levy-Lahad, E. and Viitanen, M. and Peskind, E. and Poorkaj, P. and Schellenberg, G. and Tanzi, R. and Wasco, W. and Lannfelt, L. and Selkoe, D. and Younkin, S.},
title={Secreted amyloid $\beta$-protein similar to that in the senile plaques of Alzheimer's disease is increased in vivo by the presenilin 1 and 2 and APP mutations linked to familial Alzheimer's disease},
journal={Nature Medicine},
year={1996},
volume={2},
number={8},
pages={864-870},
doi={10.1038/nm0896-864},
}

@Article{Kim2008,
author={Kim, Sun Don and Kim, Jinoh},
title={Sequence analyses of presenilin mutations linked to familial Alzheimer's disease},
journal={Cell Stress and Chaperones},
year={2008},
volume={13},
number={4},
pages={401-412},
doi={10.1007/s12192-008-0046-0},
}

@article{Weggen2012,
author = {Weggen, Sascha and Beher, Dirk},
doi = {10.1186/alzrt107},
issn = {1758-9193},
journal = {Alzheimer's Research {\&} Therapy},
number = {2},
pages = {9},
title = {{Molecular consequences of amyloid precursor protein and presenilin mutations causing autosomal-dominant Alzheimer's disease}},
volume = {4},
year = {2012}
}

@article{Herreman2000,
author={Herreman, A. and Serneels, L. and Annaert, W. and Collen, D. and Schoonjans, L. and De Strooper, B.},
title={Total inactivation of $\gamma$-secretase activity in presenilin-deficient embryonic stem cells},
journal={Nature Cell Biology},
year={2000},
volume={2},
number={7},
pages={461-462},
doi={10.1038/35017105},
}

@article{Zhang2000,
author={Zhang, Z. and Nadeau, P. and Song, W. and Donoviel, D. and Yuan, M. and Bernstein, A. and Yankner, B.A.},
title={Presenilins are required for $\gamma$-secretase cleavage of $\beta$-APP and transmembrane cleavage of Notch-1},
journal={Nature Cell Biology},
year={2000},
volume={2},
number={7},
pages={463-465},
doi={10.1038/35017108},
}

@article{Iwatsubo1994,
author = {Iwatsubo, Takeshi and Odaka, Asano and Suzuki, Nobuhiro and Mizusawa, Hidehiro and Nukina, Nobuyuki and Ihara, Yasuo},
doi = {https://doi.org/10.1016/0896-6273(94)90458-8},
issn = {0896-6273},
journal = {Neuron},
number = {1},
pages = {45--53},
title = {{Visualization of A$\beta$42(43) and A$\beta$40 in senile plaques with end-specific A$\beta$ monoclonals: Evidence that an initially deposited species is A$\beta$42(43)}},
volume = {13},
year = {1994}
}

@article{Cavallucci2012,
author = {Cavallucci, Virve and D'Amelio, Marcello and Cecconi, Francesco},
doi = {10.1007/s12035-012-8251-3},
issn = {1559-1182},
journal = {Molecular Neurobiology},
number = {2},
pages = {366--378},
title = {{A$\beta$ Toxicity in Alzheimer's Disease}},
volume = {45},
year = {2012}
}

@article{Cruts1998,
author={Cruts, M. and Van Broeckhoven, C.},
title={Presenilin mutations in Alzheimer's disease},
journal={Human Mutation},
year={1998},
volume={11},
number={3},
pages={183-190},
doi={10.1002/(SICI)1098-1004(1998)11:3<183::AID-HUMU1>3.0.CO;2-J},
}

@article{Chetelat2013,
author = {Ch{\'{e}}telat, Ga{\"{e}}l},
doi = {10.1038/nrneurol.2013.21},
issn = {1759-4766},
journal = {Nature Reviews Neurology},
number = {3},
pages = {123--124},
title = {{A$\beta$-independent processes—rethinking preclinical AD}},
volume = {9},
year = {2013}
}

@article{Quintanilla2012,
author = {Quintanilla, Rodrigo A and Dolan, Philip J and Jin, Youngnam N and Johnson, Gail V W},
doi = {https://doi.org/10.1016/j.neurobiolaging.2011.02.007},
issn = {0197-4580},
journal = {Neurobiology of Aging},
keywords = {Alzheimer,A$\beta$,Caspase,Mitochondria,Oxidative stress,Tau},
number = {3},
pages = {619.e25--619.e35},
title = {{Truncated tau and A$\beta$ cooperatively impair mitochondria in primary neurons}},
volume = {33},
year = {2012}
}

@article{Teplow2013,
author = {Teplow, David B},
doi = {10.1186/alzrt203},
issn = {1758-9193},
journal = {Alzheimer's Research {\&} Therapy},
number = {4},
pages = {39},
title = {{On the subject of rigor in the study of amyloid $\beta$-protein assembly}},
volume = {5},
year = {2013}
}

@article {Selkoe2012,
	author = {Selkoe, Dennis J.},
	title = {Preventing Alzheimer{\textquoteright}s Disease},
	volume = {337},
	number = {6101},
	pages = {1488-1492},
	year = {2012},
	doi = {10.1126/science.1228541},
	publisher = {American Association for the Advancement of Science},
	issn = {0036-8075},
	journal = {Science}
}

@article{Selkoe2016,
author = {Selkoe, Dennis J and Hardy, John},
title = {The amyloid hypothesis of Alzheimer's disease at 25 years},
journal = {EMBO Molecular Medicine},
volume = {8},
number = {6},
pages = {595-608},
doi = {10.15252/emmm.201606210},
year = {2016}
}

@article{Han2013,
author = {Han, Rongcheng and Li, Zhenghong and Fan, Yanyan and Jiang, Yuqiang},
booktitle = {Journal of Genetics and Genomics},
journal={Journal of Genetics and Genomics},
doi = {10.1016/j.jgg.2013.11.003},
issn = {16738527},
keywords = {Bio-imaging,Fluorescence microscopy,Optical diffraction limit,Super-resolution},
number = {12},
pages = {583--595},
title = {{Recent Advances in Super-Resolution Fluorescence Imaging and Its Applications in Biology}},
volume = {40},
year = {2013}
}

@article{Xu2017,
author = {Xu, Jianquan and Ma, Hongqiang and Liu, Yang},
doi = {10.1002/cpcy.23},
issn = {19349300},
journal = {Current Protocols in Cytometry},
keywords = {Single molecule localization microscopy (SMLM),Stochastic optical reconstruction microscopy (STOR,Super-resolution fluorescence microscopy},
pages = {12.46.1--12.46.27},
publisher = {John Wiley and Sons Inc.},
title = {{Stochastic optical reconstruction microscopy (STORM)}},
volume = {2017},
year = {2017}
}

@article{Klar1999,
author = {Klar, Thomas A and Hell, Stefan W},
doi = {10.1364/ol.24.000954},
issn = {0146-9592},
journal = {Optics Letters},
number = {14},
pages = {954},
title = {{Subdiffraction resolution in far-field fluorescence microscopy}},
volume = {24},
year = {1999}
}

@article{Gustafsson2005,
author = {Gustafsson, Mats G L},
doi = {10.1073/pnas.0406877102},
issn = {00278424},
journal = {Proceedings of the National Academy of Sciences of the United States of America},
keywords = {Moir{\'{e}},Resolution extension,Saturation,Super resolution},
number = {37},
pages = {13081--13086},
title = {{Nonlinear structured-illumination microscopy: Wide-field fluorescence imaging with theoretically unlimited resolution}},
volume = {102},
year = {2005}
}

@article{Betzig2006,
author = {Betzig, Eric and Patterson, George H. and Sougrat, Rachid and Lindwasser, O. Wolf and Olenych, Scott and Bonifacino, Juan S. and Davidson, Michael W. and Lippincott-Schwartz, Jennifer and Hess, Harald F.},
doi = {10.1126/science.1127344},
issn = {00368075},
journal = {Science},
month = {sep},
number = {5793},
pages = {1642--1645},
title = {{Imaging intracellular fluorescent proteins at nanometer resolution}},
volume = {313},
year = {2006}
}

@article{Huang2008,
author = {Huang, Bo and Wang, Wenqin and Bates, Mark and Zhuang, Xiaowei},
doi = {10.1126/science.1153529},
issn = {00368075},
journal = {Science},
number = {5864},
pages = {810--813},
title = {{Three-dimensional super-resolution imaging by stochastic optical reconstruction microscopy}},
volume = {319},
year = {2008}
}

@article{Turkowyd2016,
author = {Turkowyd, Bartosz and Virant, David and Endesfelder, Ulrike},
journal = {Analytical and Bioanalytical Chemistry},
doi = {10.1007/s00216-016-9781-8},
issn = {16182650},
keywords = {Live cell imaging,Photophysics and photochemistry of fluorophores,Quantitative cell biology,Super-resolution microscopy},
month = {oct},
number = {25},
pages = {6885--6911},
publisher = {Springer Verlag},
title = {{From single molecules to life: microscopy at the nanoscale}},
volume = {408},
year = {2016}
}

@article{Russell2017,
author = {Russell, Matthew R. G. and Lerner, Thomas R. and Burden, Jemima J. and Nkwe, David O. and Pelchen-Matthews, Annegret and Domart, Marie-Charlotte and Durgan, Joanne and Weston, Anne and Jones, Martin L. and Peddie, Christopher J. and Carzaniga, Raffaella and Florey, Oliver and Marsh, Mark and Gutierrez, Maximiliano G. and Collinson, Lucy M.},
doi = {10.1242/jcs.188433},
issn = {0021-9533},
journal = {Journal of Cell Science},
number = {1},
pages = {278--291},
title = {{3D correlative light and electron microscopy of cultured cells using serial blockface scanning electron microscopy}},
volume = {130},
year = {2017}
}

@incollection{Feng2018,
author = {Feng, Han and Wang, Xiaobo and Xu, Zhiwei and Zhang, Xiaoju and Gao, Yongju},
booktitle = {Advances in Experimental Medicine and Biology},
doi = {10.1007/978-981-13-0502-3_6},
issn = {22148019},
keywords = {PALM,SIM,STED microscopy,STORM,Single cell imaging},
title = {{Super-resolution fluorescence microscopy for single cell imaging}},
year = {2018},
publisher={Springer}
}

@article{Denk2004,
    author = {Denk, Winfried AND Horstmann, Heinz},
    journal = {PLOS Biology},
    publisher = {Public Library of Science},
    title = {Serial Block-Face Scanning Electron Microscopy to Reconstruct Three-Dimensional Tissue Nanostructure},
    year = {2004},
    volume = {2},
    pages = {},
    abstract = {A new method combines automated imaging with serial sectioning inside the chamber of a scanning electron microscope.},
    number = {11},
    doi = {10.1371/journal.pbio.0020329}
}

@article{Heymann2006,
author = {Heymann, Jurgen A W and Hayles, Mike and Gestmann, Ingo and Giannuzzi, Lucille A and Lich, Ben and Subramaniam, Sriram},
doi = {10.1016/j.jsb.2006.03.006},
edition = {2006/04/04},
issn = {1047-8477},
journal = {Journal of structural biology},
number = {1},
pages = {63--73},
title = {{Site-specific 3D imaging of cells and tissues with a dual beam microscope}},
volume = {155},
year = {2006}
}

@article{He2009,
author = {He, Congcong and Klionsky, Daniel J.},
doi = {10.1146/annurev-genet-102808-114910},
issn = {0066-4197},
journal = {Annual Review of Genetics},
month = {dec},
number = {1},
pages = {67--93},
title = {{Regulation Mechanisms and Signaling Pathways of Autophagy}},
volume = {43},
year = {2009}
}

@article{Boya2013,
archivePrefix = {arXiv},
author = {Boya, Patricia and Reggiori, Fulvio and Codogno, Patrice},
journal = {Nature Cell Biology},
doi = {10.1038/ncb2788},
isbn = {1465-7392},
issn = {14657392},
number = {7},
pages = {713--720},
pmid = {23817233},
title = {{Emerging regulation and functions of autophagy}},
volume = {15},
year = {2013}
}

@article{Cai2012,
author = {Cai, Zhiyou and Zhao, Bin and Li, Keshen and Zhang, Liangqing and Li, Chunhua and Quazi, Sohel H. and Tan, Yan},
doi = {10.1002/jnr.23011},
isbn = {1097-4547 (Electronic)$\backslash$r0360-4012 (Linking)},
issn = {03604012},
journal = {Journal of Neuroscience Research},
keywords = {Alzheimer's disease,Amyloid-$\beta$,Autophagy,Mammalian target of rapamycin,Rapamycin,Tau},
number = {6},
pages = {1105--1118},
pmid = {22344941},
title = {{Mammalian target of rapamycin: A valid therapeutic target through the autophagy pathway for alzheimer's disease?}},
volume = {90},
year = {2012}
}

@article{Cuervo2014,
author = {Cuervo, Ana Maria and Wong, Esther},
doi = {10.1038/cr.2013.153},
issn = {1748-7838},
journal = {Cell Research},
number = {1},
pages = {92--104},
title = {{Chaperone-mediated autophagy: roles in disease and aging}},
url = {https://doi.org/10.1038/cr.2013.153},
volume = {24},
year = {2014}
}

@article{Klionsky2010,
author = {Klionsky, Dj and Codogno, Patrice and Cuervo, Am},
doi = {10.4161/auto.6.4.12244},
isbn = {1554-8635 (Electronic)
1554-8627 (Linking)},
issn = {1554-8627},
journal = {Autophagy},
pages = {1273--1294},
pmid = {20484971},
title = {{A comprehensive glossary of autophagy-related molecules and processes}},
year={2010}}

@article{Dice2007,
author = {Dice, J. Fred},
doi = {10.4161/auto.4144},
issn = {1554-8627},
journal = {Autophagy},
number = {4},
pages = {295--299},
title = {{Chaperone-Mediated Autophagy}},
volume = {3},
year = {2007}
}

@article{Hailey2010,
author = {Hailey, Dale W. and Rambold, Angelika S. and Satpute-Krishnan, Prasanna and Mitra, Kasturi and Sougrat, Rachid and Kim, Peter K. and Lippincott-Schwartz, Jennifer},
doi = {10.1016/j.cell.2010.04.009},
issn = {00928674},
journal = {Cell},
number = {4},
pages = {656--667},
pmid = {20478256},
title = {{Mitochondria Supply Membranes for Autophagosome Biogenesis during Starvation}},
volume = {141},
year = {2010}
}

@article{Hamasaki2013,
author = {Hamasaki, Maho and Furuta, Nobumichi and Matsuda, Atsushi and Nezu, Akiko and Yamamoto, Akitsugu and Fujita, Naonobu and Oomori, Hiroko and Noda, Takeshi and Haraguchi, Tokuko and Hiraoka, Yasushi and Amano, Atsuo and Yoshimori, Tamotsu},
doi = {10.1038/nature11910},
issn = {0028-0836},
journal = {Nature},
keywords = {Macroautophagy},
number = {7441},
pages = {389--393},
title = {{Autophagosomes form at ER–mitochondria contact sites}},
volume = {495},
year = {2013}
}

@article{Hayashi-Nishino2009,
author = {Hayashi-Nishino, Mitsuko and Fujita, Naonobu and Noda, Takeshi and Yamaguchi, Akihito and Yoshimori, Tamotsu and Yamamoto, Akitsugu},
doi = {10.1038/ncb1991},
issn = {1465-7392},
journal = {Nature Cell Biology},
number = {12},
pages = {1433--1437},
publisher = {Nature Publishing Group},
title = {{A subdomain of the endoplasmic reticulum forms a cradle for autophagosome formation}},
volume = {11},
year = {2009}
}

@book{Yla-Anttila2009,
author = {Yl{\"{a}}-Anttila, P{\"{a}}ivi and Vihinen, Helena and Jokitalo, Eija and Eskelinen, Eeva Liisa},
booktitle = {Methods in Enzymology},
doi = {10.1016/S0076-6879(08)03610-0},
edition = {1},
isbn = {1557-7988 (Electronic)$\backslash$r0076-6879 (Linking)},
issn = {00766879},
pages = {143--164},
pmid = {19200881},
publisher = {Elsevier Inc.},
title = {{Chapter 10 Monitoring Autophagy by Electron Microscopy in Mammalian Cells}},
volume = {451},
year = {2009}
}

@article{Levine2008,
author = {Levine, Beth and Kroemer, Guido},
doi = {10.1016/j.cell.2007.12.018},
isbn = {0092-8674 (Print)},
issn = {00928674},
journal = {Cell},
number = {1},
pages = {27--42},
pmid = {18191218},
title = {{Autophagy in the Pathogenesis of Disease}},
volume = {132},
year = {2008}
}

@article{Kaizuka2016,
author = {Kaizuka, Takeshi and Morishita, Hideaki and Hama, Yutaro and Tsukamoto, Satoshi and Matsui, Takahide and Toyota, Yuichiro and Kodama, Akihiko and Ishihara, Tomoaki and Mizushima, Tohru and Mizushima, Noboru},
doi = {10.1016/j.molcel.2016.09.037},
isbn = {1097-2765},
issn = {10972765},
journal = {Molecular Cell},
number = {4},
pages = {835--849},
pmid = {27818143},
publisher = {Elsevier Inc.},
title = {{An Autophagic Flux Probe that Releases an Internal Control}},
volume = {64},
year = {2016}
}

@article{Loos2009,
author = {Loos, Benjamin and Engelbrecht, Anna-Mart},
doi = {10.4161/auto.5.5.8479},
isbn = {1554-8635 (Electronic)$\backslash$r1554-8627 (Linking)},
issn = {1554-8627},
journal = {Autophagy},
keywords = {ATP,Autophagy,Dynamic response,Flux,Metabolism},
number = {5},
pages = {590--603},
pmid = {19363298},
title = {{Cell death: A dynamic response concept}},
volume = {5},
year = {2009}
}

@article{Meijer2006,
author = {Meijer, Alfred J. and Codogno, Patrice},
doi = {10.1016/J.MAM.2006.08.002},
issn = {0098-2997},
journal = {Molecular Aspects of Medicine},
month = {oct},
number = {5-6},
pages = {411--425},
publisher = {Pergamon},
title = {{Signalling and autophagy regulation in health, aging and disease}},
volume = {27},
year = {2006}
}

@article{Mizushima2008,
author = {Mizushima, Noboru and Levine, Beth and Cuervo, Ana Maria and Klionsky, Daniel J},
doi = {10.1038/nature06639},
isbn = {1476-4687 (Electronic)$\backslash$n0028-0836 (Linking)},
issn = {0028-0836},
journal = {Nature},
number = {7182},
pages = {1069--1075},
pmid = {18305538},
title = {{Autophagy fights disease through cellular self-digestion.}},
volume = {451},
year = {2008}
}

@article{Thumm1994,
author = {Thumm, M and Egner, R and Koch, B and Schlumpberger, M and Straub, M and Veenhuis, M and Wolf, D H},
issn = {0014-5793},
journal = {FEBS letters},
month = {aug},
number = {2},
pages = {275--80},
pmid = {8050581},
title = {{Isolation of autophagocytosis mutants of Saccharomyces cerevisiae.}},
volume = {349},
year = {1994}
}

@article{Tsukada1993,
author = {Tsukada, M and Ohsumi, Y},
issn = {0014-5793},
journal = {FEBS letters},
month = {oct},
number = {1-2},
pages = {169--74},
pmid = {8224160},
title = {{Isolation and characterization of autophagy-defective mutants of Saccharomyces cerevisiae.}},
volume = {333},
year = {1993}
}

@article{Klionsky2007,
author = {Klionsky, Daniel J.},
doi = {10.1038/nrm2245},
issn = {1471-0072},
journal = {Nature Reviews Molecular Cell Biology},
number = {11},
pages = {931--937},
pmid = {17712358},
title = {{Autophagy: from phenomenology to molecular understanding in less than a decade}},
volume = {8},
year = {2007}
}

@article{Mizushima2010,
author = {Mizushima, Noboru and Levine, Beth},
issn = {1476-4679},
journal = {Nature cell biology},
month = {sep},
number = {9},
pages = {823--30},
pmid = {20811354},
title = {{Autophagy in mammalian development and differentiation.}},
volume = {12},
year = {2010}
}

@article{Feng2014,
author = {Feng, Yuchen and He, Ding and Yao, Zhiyuan and Klionsky, Daniel J},
doi = {10.1038/cr.2013.168},
issn = {1001-0602},
journal = {Cell Research},
month = {jan},
number = {1},
pages = {24--41},
publisher = {Nature Publishing Group},
title = {{The machinery of macroautophagy}},
volume = {24},
year = {2014}
}

@article{Yang2010,
author = {Yang, Zhifen and Klionsky, Daniel J},
doi = {10.1016/j.ceb.2009.11.014},
issn = {09550674},
journal = {Current Opinion in Cell Biology},
number = {2},
pages = {124--131},
title = {{Mammalian autophagy: core molecular machinery and signaling regulation}},
volume = {22},
year = {2010}
}
