@manual{Cilliers:2002,
   author       ={Cilliers, L.},
   title        = {Referencing Methods: Harvard},
   organization = {\mbox{SAGUS}},
   address      = {Universtity of Stellenbosch},
   year         = {2002}}
 @MISC{jon90,
   author  = {Jones, P. and Baker, G. and Williams, B.},
   year    =  {1990}}
 @MISC{jon91a,
   author  = {Jones, P. and Baker, G. and Williams, B.},
   year    =  {1991}}
 @MISC{jon91b,
   author  = {Jones, P. and Baker, G. and Williams, B.},
   year    =  {1991}}
 @MISC{jon92,
   author  = {Jones, P. and Baker, G. and Williams, B.},
   year    =  {1992}}
 @MISC{jam93,
   author  = {James, S. and Baker, G. and Williams, B.},
   year    =  {1993}}
 @MISC{dRob98,
   author  = {della Robbia, S.},
   year    =  {1998}}
@article{Lin:1997,
   author       = {Lin, X. and Ng, T. T.},
   title        = {A Three-Dimensional Discrete Element Model Using
                   Arrays of Ellipsoids},
   journal      = {G{\'e}otechnique},
   volume       = {47},
   number       = {2},
   year         = {1997},
   pages        = {319--329}}
@string{pub-CUP     = {Cambridge University Press}}
@string{pub-CUP:adr = {Cambridge, UK}}

@book{Press:1997,
   author         = {Press, W. H. and Teukolsky, S. A.
                     and Vetterling, W. T. and Flannery, B. P.},
   title          = {Numerical Recipes in {C}, The art of Scientific Computing},
   edition        = {Second},
   publisher      = pub-CUP,
   address        = pub-CUP:adr,
   year           = {1997}}
@book{Chapman:1961,
   author         = {Chapman, W.A.J.},
   title          = {Workshop Technology, {\rmfamily Part III}},
   publisher      = {Edward Arnold},
   address        = {London},
   year           = {1961},
   edition        = {2}}
@booklet{Urban:1986,
   author       = {Urban, M.},
   title        = {An Introduction to {\LaTeX}},
   howpublished = {Prepared for the TRW Software Productivity Project;
                   reprinted with permission and distributed by TUG},
   year         = {1986}}
@inbook{Meirovitch:1970,
   author         = {Meirovitch, L.},
   title          = {Methods of Analytical Dynamics},
   publisher      = {McGraw-Hill},
   address        = {New York},
   year           = {1970},
   chapter        = {4}}
@incollection{Immer:1978,
   author         = {Immer,J. R.},
   editor         = {Baumeister, T. and Avallone, E. A. and
                     Baumeister, III, T.},
   title          = {Industrial plants},
   booktitle      = {Marks' Standard Handbook for Mechanical Engineers},
   publisher      = {McGraw-Hill},
   address        = {New York},
   year           = {1978},
   edition        = {8},
   chapter        = {12}}
@inproceedings{Luding:1998,
    author    = {Luding, S.},
    title     = {Collisions and contact between two particles},
    booktitle = {Physics of Dry Granular Media},
    editor    = {Herrmann, H.J. and Hovi, J.-P  and Luding, S},
    publisher = {Kluwer Academic Publishers},
    address   = {Dordrecht},
    year      = {1998},
    volume    = {350},
    series    = {NATO ASI Series E},
    pages     = {20--30},
    isbn      = {0-7923-5102-9}}
@manual{PFC2D:1999,
   key          = {PFC$^{\mathrm{2D}}$ User Manual},
   title        = {Theory and Background, Version 2.0},
   organization = {Itasca},
   year         = {1999}}

@manual{GEC:1987,
   key          = {GEC},
   title        = {General Electric Fluid Flow Data Book},
   organization = {General Electric Co.},
   address      = {Schenectady, N.Y.},
   year         = {1987}}
@mastersthesis{Coetzee:2000,
   author       = {Coetzee, C. J.},
   title        = {Forced Granular Flow},
   school       = {Mechanical Engineering, University of Stellenbosch},
   address      = {Stellenbosch, South Africa},
   year         = {2000}}
@misc{Lourens:2001,
   author       = {Lourens, A.},
   year         = {2001},
   howpublished = {Personal Interview},
   month        = jan # {~5},
   note         = {Stellenbosch}}

@misc{MSN:1999,
   key          = {MSN Gaming Zone {[Online]}},
   year         = {1999},
   howpublished = {Available at: \url{http://www.zone.com}, [2001, March 22]}}
@proceedings{Herrmann:1998,
    editor    = {Herrmann, H. J. and Hovi, J.-P  and Luding, S},
    title     = {Physics of Dry Granular Media},
    booktitle = {Physics of Dry Granular Media},
    publisher = {Kluwer Academic Publishers},
    address   = {Dordrecht},
    year      = {1998},
    volume    = {350},
    series    = {NATO ASI Series E},
    isbn      = {0-7923-5102-9}}
@techreport{Bajura:1973,
   author       = {Bajura, R. A. and Le~Rose, V. F. and Williams, L. E.},
   title        = {Fluid Distribution in Combining, Dividing and
                   Reverse Flow Manifolds},
   institution  = {ASME},
   year         = {1973},
   type         = {Paper},
   number       = {73-PWR-1}}
@unpublished{Els:2003,
   author       = {Els, D. N. J.},
   year         = {2003},
   month        = Feb,
   title        = {Gear Design},
   note         = {Class notes (Machine Design 314)},
   url          = {http://sun.ac.za/mecheng/MD314}}
@inproceedings{Liffmann:1997,
   crossref     = {Behringer:1997},
   author       = {Liffmann, K. and Metcalfe, G. and Cleary, P. W.},
   title        = {Convection due to horizontal shaking},
   pages        = {405--408}}

@proceedings{Behringer:1997,
   editor       = {Behringer, R. P. and Jenkins, J. T. },
   title        = {Powders \& Grains 97},
   booktitle    = {Powders \& Grains 97},
   publisher    = {Balkema},
   address      = {Rotterdam},
   year         = {1997}}
